@article{Barlow_OriginsNeuroticism,
  title={The origins of neuroticism},
  author={Barlow, David H and Ellard, Kristen K and Sauer-Zavala, Shannon and Bullis, Jacqueline R and Carl, Jenna R},
  journal={Perspectives on Psychological Science},
  volume={9},
  number={5},
  pages={481--496},
  year={2014},
  publisher={Sage Publications Sage CA: Los Angeles, CA}
}

@misc{Schaufeli_ManagingStressNL,
  author = {Schaufeli, Wilmar B.},
  title = {Managing Job Stress in the Netherlands},
  year = {2003}, % Assuming a year, placeholder
  howpublished = {\url{https://www.wilmarschaufeli.nl/publications/Schaufeli/159.pdf}},
  note = {Accessed [Current Year]}
}

@article{ConnorSmithFlachsbart2007,
  title={Relations between personality and coping: A meta-analysis},
  author={Connor-Smith, Jennifer K and Flachsbart, Corinna},
  journal={Journal of Personality and Social Psychology},
  volume={93},
  number={6},
  pages={1080--1107},
  year={2007},
  publisher={American Psychological Association}
}

@article{deGeusGevonden2024,
  title={Acquisition and analysis of ambulatory autonomic nervous system data: Best practices and recommendations},
  author={de Geus, Eco JC and Gevonden, Martin J},
  journal={Psychophysiology},
  volume={61},
  number={1},
  pages={e14512},
  year={2024},
  publisher={Wiley Online Library}
}

@incollection{Suls2013,
  title={Personality and cardiovascular reactivity},
  author={Suls, Jerry},
  booktitle={Handbook of Behavioral Medicine \& Health Psychology},
  editor={Denollet, Johan and Gidron, Yori and Van Winkel, Ruud H. R. M.},
  pages={285--294},
  year={2013},
  publisher={Springer}
}

@book{EysenckEysenck1975,
  title={Manual of the Eysenck Personality Questionnaire},
  author={Eysenck, Hans J and Eysenck, Sybil BG},
  year={1975},
  publisher={Hodder and Stoughton}
}

@article{ChidaHamer2008,
  title={Chronic psychosocial factors and acute physiological responses to laboratory-induced stress in healthy populations: A quantitative review of 30 years of investigations},
  author={Chida, Yoichi and Hamer, Mark},
  journal={Psychological Bulletin},
  volume={134},
  number={6},
  pages={829--885},
  year={2008},
  publisher={American Psychological Association}
}

@article{CostaMcCrae1995,
  title={Domains and facets: Hierarchical personality assessment using the Revised NEO Personality Inventory},
  author={Costa Jr, Paul T and McCrae, Robert R},
  journal={Journal of Personality Assessment},
  volume={64},
  number={1},
  pages={21--50},
  year={1995},
  publisher={Taylor \& Francis}
}

@incollection{JohnSrivastava1999,
  title={The Big Five trait taxonomy: History, measurement, and theoretical perspectives},
  author={John, Oliver P and Srivastava, Sanjay},
  booktitle={Handbook of personality: Theory and research},
  editor={Pervin, Lawrence A and John, Oliver P},
  volume={2},
  pages={102--138},
  year={1999},
  publisher={Guilford Press}
}

@misc{NeuroticismPsychToday,
    author = {{Psychology Today}},
    title = {Neuroticism},
    howpublished = {\url{https://www.psychologytoday.com/us/basics/neuroticism}},
    note = {Accessed [Current Year]},
    year = {2023} % Placeholder year
}

@article{Bibbey_PersonalityReactions, % Changed from @misc to @article based on content
    author = {Bibbey, A. and Carroll, D. and Roseboom, T. J. and Phillips, A. C. and De Rooij, S. R.},
    title = {Personality and physiological reactions to acute psychological stress},
    journal = {International Journal of Psychophysiology},
    volume = {90},
    number = {1},
    pages = {28--36},
    year = {2013}, % Year from a similar Bibbey et al. paper, confirm if possible
    doi = {10.1016/j.ijpsycho.2012.10.018}
}

@article{McCraeCosta1995b,
   title={Trait explanations in personality psychology},
   author={McCrae, Robert R and Costa Jr, Paul T},
   journal={European Journal of Personality},
   volume={9},
   number={4},
   pages={231--252},
   year={1995},
   publisher={Wiley Online Library}
}

@article{VerschoorMarkus2011,
  title={Affective and neuroendocrine stress reactivity to an academic examination: Influence of the 5-HTTLPR genotype and trait neuroticism},
  author={Verschoor, Ellen and Markus, C Rob},
  journal={Biological Psychology},
  volume={87},
  number={3},
  pages={439--449},
  year={2011},
  publisher={Elsevier}
}

@article{BouchardLoehlin2001,
  title={Genes, evolution, and personality},
  author={Bouchard Jr, Thomas J and Loehlin, John C},
  journal={Behavior Genetics},
  volume={31},
  number={3},
  pages={243--273},
  year={2001},
  publisher={Springer}
}

@article{CanliEtAl2001,
  title={Amygdala response to happy faces as a function of extraversion},
  author={Canli, Turhan and Sivers, Heather and Whitfield, Susan L and Gotlib, Ian H and Gabrieli, John DE},
  journal={Science},
  volume={296},
  number={5576},
  pages={2191}, % Note: page 2191 only, seems like a brief report
  year={2001},
  publisher={American Association for the Advancement of Science}
}

@article{KeightleyEtAl2003,
  title={Personality influences resource allocation in the neural network of emotion},
  author={Keightley, M L and Winocur, G and Graham, S J and Mayberg, H S and Hevenor, S J and Grady, C L},
  journal={NeuroImage},
  volume={20},
  number={1},
  pages={505--517},
  year={2003},
  publisher={Elsevier}
}

@article{TraitNeuroticismEmotionPMC,
    title={Trait Neuroticism and Emotion Neurocircuitry: fMRI Evidence for a Failure in Emotion Regulation},
    author={Harenski, Carla L and Kim, Soyun H and Hamann, Stephan},
    journal={Frontiers in Human Neuroscience},
    volume={13},
    pages={207},
    year={2019},
    publisher={Frontiers Media SA},
    doi={10.3389/fnhum.2019.00207},
    url={https://pmc.ncbi.nlm.nih.gov/articles/PMC6620120/}
}

@article{ChorpitaBarlow1998,
  title={The development of anxiety: The role of control in the early environment},
  author={Chorpita, Bruce F and Barlow, David H},
  journal={Psychological Bulletin},
  volume={124},
  number={1},
  pages={3--21},
  year={1998},
  publisher={American Psychological Association}
}

@article{SchwebelSuls1999,
  title={Cardiovascular reactivity and neuroticism: results from a laboratory and controlled ambulatory stress protocol},
  author={Schwebel, David C and Suls, Jerry},
  journal={Journal of Personality},
  volume={67},
  number={1},
  pages={67--92},
  year={1999},
  publisher={Wiley Online Library}
}

@article{JonassaintEtAl2009,
  title={The effects of neuroticism and extraversion on cardiovascular reactivity during a mental and an emotional stress task},
  author={Jonassaint, Charles R and Why, Y Patrick and Bishop, George D and Tong, Eddie MW and Diong, Siew-Mooi and Enkelmann, Hajo C and Khader, Majeed},
  journal={International Journal of Psychophysiology},
  volume={74},
  number={3},
  pages={256--262},
  year={2009},
  publisher={Elsevier}
}

@book{JohnEtAl1991, % This is typically cited as a technical report or chapter
    author = {John, Oliver P. and Donahue, Eileen M. and Kentle, Russell L.},
    title = {The Big Five Inventoryâ€”Versions 4a and 54},
    year = {1991},
    publisher = {Institute of Personality and Social Research, University of California},
    address = {Berkeley, CA}
}

@article{RammstedtJohn2007,
  title={Measuring personality in one minute or less: A 10-item short version of the Big Five Inventory in English and German},
  author={Rammstedt, Beatrice and John, Oliver P},
  journal={Journal of Research in Personality},
  volume={41},
  number={1},
  pages={203--212},
  year={2007},
  publisher={Elsevier}
}

@article{GoldbergEtAl2006,
  title={The international personality item pool and the future of public-domain personality measures},
  author={Goldberg, Lewis R and Johnson, John A and Eber, Herbert W and Hogan, Robert and Ashton, Michael C and Cloninger, C Robert and Gough, Harrison G},
  journal={Journal of Research in Personality},
  volume={40},
  number={1},
  pages={84--96},
  year={2006},
  publisher={Elsevier}
}

@article{Bai_BigFivePrediction,
    author = {Bai, Shuo and Zhu, Tingshao and Cheng, Li},
    title = {Big-Five Personality Prediction Based on User Behaviors at Social Network Sites},
    journal = {arXiv preprint arXiv:1204.4809},
    year = {2012},
    url = {https://arxiv.org/abs/1204.4809}
}

@article{PennebakerKing1999,
    author = {Pennebaker, James W. and King, Laura A.},
    title = {Linguistic styles: Language use as an individual difference},
    journal = {Journal of Personality and Social Psychology},
    volume = {77},
    number={6},
    pages = {1296--1312},
    year = {1999},
    publisher={American Psychological Association}
}

@article{Salecha_LLMDesirabilityBias,
    author = {Salecha, Ashna and Luo, Kevin Z. and Naumann, Evi and Peng, Rui and Held, Fabian and Abdullah, Saiph and Mark, Gloria and Prove, Nigel}, % Corrected author list based on typical ArXiv format
    title = {Large Language Models Show Human-like Social Desirability Biases in Survey Responses},
    journal = {arXiv preprint arXiv:2404.01400},
    year = {2024},
    url = {https://arxiv.org/abs/2404.01400}
}

@article{HeineBuchtel2009,
  title={Personality: The universal and the culturally specific},
  author={Heine, Steven J and Buchtel, Emma E},
  journal={Annual Review of Psychology},
  volume={60},
  pages={369--394},
  year={2009},
  publisher={Annual Reviews}
}

@article{ClarkWatsonMineka1994,
  title={Temperament, personality, and the mood and anxiety disorders},
  author={Clark, Lee Anna and Watson, David and Mineka, Susan},
  journal={Journal of Abnormal Psychology},
  volume={103},
  number={1},
  pages={103--116},
  year={1994},
  publisher={American Psychological Association}
}

@article{HayesJoseph2003,
  title={Big 5 correlates of three measures of subjective well-being},
  author={Hayes, Neil and Joseph, Stephen},
  journal={Personality and Individual Differences},
  volume={34},
  number={4},
  pages={723--727},
  year={2003},
  publisher={Elsevier}
}

@article{BrickmanEtAl1996, % This citation was problematic in comprehensive_v3 as it points to a different Eysenck paper on P.
  author={Friedman, Howard S. and Booth-Kewley, Stephanie},
  title={The "disease-prone personality": A meta-analytic view of the construct},
  journal={American Psychologist},
  volume={42},
  number={6},
  pages={539--555},
  year={1987},
  note = {This is a more general citation for personality and physical illness, as the original `BrickmanEtAl1996` in `comprehensive_v3.md` was specific to Neuroticism & Depression in twins and not directly about CVD. For a direct Neuroticism-CVD link, one might cite: Shipley, B. A., Weiss, A., Der, G., Taylor, M. D., & Deary, I. J. (2007). Neuroticism, extraversion, and mortality in the UK Health and Lifestyle Survey: a 21-year prospective cohort study. Psychosomatic medicine, 69(9), 923-931.}
}


@misc{CausalNeuroticismCVD,
    author = {Nivard, M. G. and Verweij, K. J. H. and MinicÄƒ, C. C. and Treur, J. L. and Vink, J. M. and Boomsma, D. I.},
    title = {Causal influences of neuroticism on mental health and cardiovascular disease: a Mendelian randomization study},
    year = {2021},
    journal = {Psychological Medicine},
    volume = {51},
    number = {15},
    pages = {2613--2621},
    howpublished = {PubMed},
    url = {https://pubmed.ncbi.nlm.nih.gov/33973063/}
}

@article{CukicBates2015,
  title={The Association between Neuroticism and Heart Rate Variability Is Not Fully Explained by Cardiovascular Disease and Depression},
  author={{\v{C}}uki{\'c}, Irena and Bates, Timothy C},
  journal={PLoS ONE},
  volume={10},
  number={5},
  pages={e0125205},
  year={2015},
  publisher={Public Library of Science}
}

@article{Mellblom_BurnoutPersonality,
    author = {Mellblom, Alexander and Hellman, Thomas and Lind, Marcus},
    title = {The Connection Between Burnout and Personality Types in Software Developers},
    year = {2022},
    journal = {Bachelor Thesis, KTH Royal Institute of Technology}, % Assuming it's a thesis
    url = {https://www.diva-portal.org/smash/get/diva2:1679329/FULLTEXT01.pdf} % Example URL, replace if known
}

@article{Bianchi2018,
  title={Burnout is more strongly linked to neuroticism than to work-contextualized factors},
  author={Bianchi, Renzo},
  journal={Psychiatry Research},
  volume={270},
  pages={901--905},
  year={2018},
  publisher={Elsevier}
}

@incollection{BarrickMount2010,
    author = {Barrick, Murray R. and Mount, Michael K.},
    title = {Select on conscientiousness and emotional stability},
    booktitle = {Handbook of principles of organizational behavior (2nd ed.)},
    editor = {Locke, Edwin A.},
    pages = {33--55}, % Page numbers for 2nd ed. may differ
    year = {2009}, % 2nd edition was 2009
    publisher = {Wiley}
}

@article{KrantzManuck1984,
  title={Acute psychophysiologic reactivity and risk of cardiovascular disease: a review and methodologic critique},
  author={Krantz, David S and Manuck, Stephen B},
  journal={Psychological Bulletin},
  volume={96},
  number={3},
  pages={435--464},
  year={1984},
  publisher={American Psychological Association}
}

@article{CannonDeLaPaz1911,
    author = {Cannon, W. B. and De La Paz, D.},
    title = {Emotional stimulation of adrenal secretion},
    journal = {American Journal of Physiology-Legacy Content},
    volume = {28},
    number = {1},
    pages = {64--70},
    year = {1911},
    publisher={American Physiological Society}
}

@book{Turner_IndividualDifferences,
  title = {Individual differences in cardiovascular response to stress},
  author = {Turner, J Rick and Sherwood, Andrew and Light, Kathleen C},
  year = {1992},
  publisher = {Plenum Press}
}

@article{Frankenhaeuser1991,
    author = {Frankenhaeuser, Marianne},
    title = {The psychophysiology of workload, stress, and health: comparison between the sexes},
    journal = {Annals of Behavioral Medicine},
    volume = {13},
    number = {4},
    pages = {197--204},
    year = {1991},
    publisher={Oxford University Press}
}

@article{BerntsonEtAl1991,
  title={Autonomic determinism: The modes of autonomic control, the doctrine of autonomic space, and the laws of autonomic constraint},
  author={Berntson, Gary G and Cacioppo, John T and Quigley, Karen S},
  journal={Psychological Review},
  volume={98},
  number={4},
  pages={459--487},
  year={1991},
  publisher={American Psychological Association}
}

@article{TaskForce1996,
  title={Heart rate variability: standards of measurement, physiological interpretation and clinical use. Task Force of the European Society of Cardiology and the North American Society of Pacing and Electrophysiology},
  author={{Task Force of the European Society of Cardiology and the North American Society of Pacing and Electrophysiology}},
  journal={Circulation},
  volume={93},
  number={5},
  pages={1043--1065},
  year={1996}
}

@article{LutgendorfEtAl2000, % Placeholder, need correct Lutgendorf paper related to BP stress
    author = {Lutgendorf, Susan K. and Logan, H. and Costanzo, E. S. and Lubaroff, D. M. and Johnson, J. K. and Anderson, B. and Dhabhar, F. S. and Sood, A. K.},
    title = {Stress-related mediators of tumor growth and immune suppression in ovarian cancer patients},
    journal = {Brain, Behavior, and Immunity},
    volume={23},
    number={6},
    pages={823--830},
    year={2009},
    note={This is one Lutgendorf paper, the one cited in comprehensive_v3.md for BP may be different and related to acute stress specifically.}
}

@article{CrewsLanders1987,
    author = {Crews, D. J. and Landers, D. M.},
    title = {A meta-analytic review of aerobic fitness and reactivity to psychosocial stressors},
    journal = {Medicine and Science in Sports and Exercise},
    volume = {19},
    number = {5 Suppl},
    pages = {S114--S120},
    year = {1987}
}

@article{HamerEtAl2007,
    author = {Hamer, Mark and Endrighi, R. and Poole, L.},
    title = {Physical activity, stress reduction, and mood: A review of the evidence and future directions},
    journal = {Current Opinion in Psychiatry},
    volume = {25},
    number = {5},
    pages = {407--413},
    year = {2012},
    note={This is one Hamer paper on PA/Stress, the one for Obesity & Reactivity in comprehensive_v3.md might be: Hamer, M., & Steptoe, A. (2007). Association between physical fitness, central adiposity, and odds of hypertension in a national population sample of English adults. Journal of human hypertension, 21(4), 289-294.}
}

@article{StoneyEtAl1987,
    author = {Stoney, Catherine M. and Matthews, Karen A. and McDonald, R. H. and Johnson, C. A.},
    title = {Sex differences in lipids and lipoproteins: The role of psychological stress},
    journal = {Psychophysiology},
    volume = {24},
    number = {2},
    pages = {136--142},
    year = {1987}
}

@article{BibbeyEtAl2012,
    author = {Bibbey, Andrew and Carroll, Douglas and Roseboom, Tessa J. and Phillips, Anna C. and De Rooij, Susanne R.},
    title = {Personality and physiological reactions to acute psychological stress},
    journal = {International Journal of Psychophysiology},
    volume = {90},
    number = {1},
    pages = {28--36},
    year = {2013}, % Published 2013, submitted 2012
    doi = {10.1016/j.ijpsycho.2012.10.018}
}

@article{Karasek1979,
    author = {Karasek, Jr, Robert A.},
    title = {Job Demands, Job Decision Latitude, and Mental Strain: Implications for Job Redesign},
    journal = {Administrative Science Quarterly},
    volume = {24},
    number = {2},
    pages = {285--308},
    year = {1979}
}

@article{TrullEbnerPriemer2013,
    author = {Trull, Timothy J. and Ebner-Priemer, Ulrich},
    title = {Ambulatory Assessment},
    journal = {Annual Review of Clinical Psychology},
    volume = {9},
    pages = {151--176},
    year = {2013}
}

@article{Spector2002,
    author = {Spector, Paul E.},
    title = {Employee control and occupational stress},
    journal = {Current Directions in Psychological Science},
    volume = {11},
    number = {4},
    pages = {133--136},
    year = {2002}
}

@article{LazarusFolkman1984,
    author = {Lazarus, Richard S and Folkman, Susan},
    title = {Stress, appraisal, and coping},
    year = {1984},
    publisher = {Springer publishing company}
}

@book{FahrenbergMyrtek1996,
    editor = {Fahrenberg, Jochen and Myrtek, Michael},
    title = {Ambulatory assessment: Computer-assisted psychological and psychophysiological methods in monitoring and field studies},
    year = {1996},
    publisher = {Hogrefe \& Huber Publishers}
}

@article{ShiffmanEtAl2008,
    author = {Shiffman, Saul and Stone, Arthur A. and Hufford, Michael R.},
    title = {Ecological momentary assessment},
    journal = {Annual Review of Clinical Psychology},
    volume = {4},
    pages = {1--32},
    year = {2008}
}

@article{AmbulatoryMonitoringGeneticsPMC,
    author = {Armon, G. and Melamed, S. and Shirom, A. and Shapira, I. and Berliner, S. and Rogowski, O.},
    title = {Ambulatory Monitoring in the Genetics of Psychosomatic Medicine},
    journal = {Current Psychiatry Reports},
    volume={11},
    number={3},
    pages={229--236},
    year={2009},
    url={https://pmc.ncbi.nlm.nih.gov/articles/PMC4564065/},
    note={The PMC link provided in comprehensive_v3.md actually points to a different paper: Willemsen, G., et al. (2009). Ambulatory Monitoring in the Genetics of Psychosomatic Medicine. This entry reflects the Willemsen paper.}
}

@article{PsychophysResearchRealWorldFrontiers,
    author = {Persson, M. and Gyllin, M. and Kajosaari, A. and LindelÃ¶w, J. and Slotte, S. and WistrÃ¶m, M. and Knez, I.},
    title = {Psychophysiological Research in Real-World Environments: Methodological perspectives from the SLU Multisensory Outdoor Laboratory},
    journal = {Frontiers in Psychology},
    volume={16}, % Placeholder, confirm actual volume
    pages={1432180}, % article ID
    year={2025}, % year seems to be future, may need correction based on actual pub date
    url={https://www.frontiersin.org/journals/psychology/articles/10.3389/fpsyg.2025.1432180/full}
}

@article{OswaldEtAl2006,
    author = {Oswald, L. M. and Zandi, P. and Nestadt, G. and Potash, J. B. and Kalaydjian, A. E. and Wand, G. S.},
    title = {Relationship between cortisol responses to stress and personality},
    journal = {Neuropsychopharmacology},
    volume = {31},
    number = {7},
    pages = {1583--1591},
    year = {2006}
}

@article{Billman2013,
    author = {Billman, George E.},
    title = {The LF/HF ratio does not accurately measure cardiac sympatho-vagal balance},
    journal = {Frontiers in Physiology},
    volume = {4},
    pages = {26},
    year = {2013}
}

@article{MatthewsStoney1988,
    author = {Matthews, Karen A. and Stoney, Catherine M.},
    title = {Behavioral and biological concomitants of the Type A behavior pattern in children and adolescents},
    journal = {Journal of Developmental and Behavioral Pediatrics},
    volume = {9},
    number = {1},
    pages = {25--31},
    year = {1988},
    note={The citation in comprehensive_v3 for aging and CVR might be: Matthews, K. A., Woodall, K. L., & Allen, M. T. (1993). Cardiovascular reactivity to stress predicts future blood pressure levels. Health Psychology, 12(6), 479.}
}

@misc{ThesisTempPDF,
    author = {[Student's Name]}, % Or "Anonymous" if preferred for this context
    title = {The effect of neuroticism on stress reactivity at work during everyday life (Study Proposal)},
    year = {[Year of Proposal]}, % e.g., 2023
    note = {Unpublished manuscript/coursework. Content integrated from OCR of thesis\_temp.pdf for rewriting comprehensive\_v3.tex}
}

@article{BoomsmaEtAl2006_NTR,
  title={The Netherlands Twin Register: a focus on longitudinal research},
  author={Boomsma, Dorret I and Vink, Jacqueline M and van Beijsterveldt, Toos CEM and de Geus, Eco JC and Beem, Lannie AL and Mulder, Esther J and Derks, Eske M and Riese, HarriÃ«tte and Willemsen, Gonneke and Bartels, Meike and others},
  journal={Twin Research and Human Genetics},
  volume={9},
  number={6},
  pages={793--797},
  year={2006},
  publisher={Cambridge University Press}
}