@Comment{Dit is het BibTeX bestand voor het PWS over Opioïden. Controleer alle entries zorgvuldig!}

@online{WHO2023Opioid,
  author        = {{World Health Organization}},
  title         = {Opioid overdose},
  year          = {2023},
  month         = aug,
  day           = {29},
  url           = {https://www.who.int/news-room/fact-sheets/detail/opioid-overdose},
  urldate       = {2025-04-22},
  organization  = {World Health Organization}
}

@article{Cicero2017Review,
  author        = {Cicero, Theodore J. and Ellis, Matthew S. and Kasper, Zachary A.},
  title         = {The prescription opioid epidemic: a review of qualitative studies on the progression from initial use to abuse},
  journal       = {Dialogues in clinical neuroscience},
  year          = {2017},
  volume        = {19},
  number        = {3},
  pages         = {259--269},
  url           = {https://pmc.ncbi.nlm.nih.gov/articles/PMC5741109/},
  pmcid         = {PMC5741109},
  keywords      = {pws-x}
}

@article{Gupta2010ChemistryOpioids,
  author        = {Gupta, Anshu and Kaur, Kavaljit and Sharma, Sonam and Goyal, Sangeeta and Arora, Samita and Murthy, R. S. R.},
  title         = {Chemistry of Opioids},
  journal       = {Der Pharma Chemica},
  year          = {2010},
  volume        = {2},
  number        = {3},
  pages         = {286-295},
  url           = {https://www.derpharmachemica.com/pharma-chemica/chemistry-of-opioids-83924.html},
  keywords      = {pws-x}
}

@online{CDCPreventingOverdose,
  author        = {{Centers for Disease Control and Prevention}},
  title         = {Preventing Opioid Overdose},
  year          = {2023}, % Last reviewed/updated date from website
  month         = oct,
  day           = {26},
  url           = {https://www.cdc.gov/overdose-prevention/prevention/index.html},
  urldate       = {2025-04-22},
  organization  = {Centers for Disease Control and Prevention (CDC)},
  keywords      = {pws-x, pws-google}
}

@article{Hooten2021OpioidsChronicPain,
  author        = {Hooten, W. Michael},
  title         = {Opioids and Chronic Pain: {An} Analytic Review of the Clinical Evidence},
  journal       = {Frontiers in Pain Research},
  year          = {2021},
  volume        = {2},
  pages         = {721357},
  doi           = {10.3389/fpain.2021.721357},
  url           = {https://www.frontiersin.org/journals/pain-research/articles/10.3389/fpain.2021.721357/full},
  keywords      = {pws-x}
}

@techreport{CDC2024DataBrief491,
  author        = {Ahmad, Farida B. and Cisewski, Jodi A. and Rossen, Lauren M. and Sutton, Paul},
  title         = {Drug Overdose Deaths in the {United States}, 2002–2022},
  institution   = {National Center for Health Statistics},
  year          = {2024},
  month         = mar,
  number        = {491},
  type          = {NCHS Data Brief},
  url           = {https://www.cdc.gov/nchs/products/databriefs/db491.htm},
  keywords      = {pws-google}
}

@techreport{CDC2022DataBrief457,
  author        = {Ahmad, Farida B. and Cisewski, Jodi A. and Rossen, Lauren M. and Sutton, Paul},
  title         = {Drug Overdose Deaths Involving Fentanyl, 2011-2016}, % Corrected title based on DB457 content
  institution   = {National Center for Health Statistics},
  year          = {2022}, % Publication year of DB457
  month         = dec,
  number        = {457},
  type          = {NCHS Data Brief},
  url           = {https://www.cdc.gov/nchs/products/databriefs/db457.htm},
  keywords      = {pws-google} % Added keyword
}


@misc{WikipediaOpioidEpidemicUS,
  editor        = {{Wikipedia contributors}},
  title         = {Opioid epidemic in the {United States}},
  howpublished  = {Wikipedia, The Free Encyclopedia},
  year          = {2024}, % Year of last significant edit/access
  month         = apr, % Month of last significant edit/access
  url           = {https://en.wikipedia.org/wiki/Opioid_epidemic_in_the_United_States},
  urldate       = {2025-04-22},
  keywords      = {pws-x}
}

@online{HealthlineDopesickTruth,
  author        = {Cronkleton, Emily}, % Found author via page inspection
  title         = {{OxyContin} and the Opioid Epidemic: {Here’s} the Truth Behind the {Hulu} Series ‘{Dopesick}’},
  year          = {2021},
  month         = nov,
  day           = {19},
  url           = {https://www.healthline.com/health-news/oxycontin-and-the-opioid-epidemic-heres-the-truth-behind-the-hulu-series-dopesick},
  urldate       = {2025-04-22},
  organization  = {Healthline Media},
  keywords      = {pws-x}
}

@online{JusticeDeptPurdueResolution,
  author        = {{Office of Public Affairs}},
  title         = {Justice Department Announces Global Resolution of Criminal and Civil Investigations with Opioid Manufacturer {Purdue Pharma} and Civil Settlement with Members of the {Sackler} Family},
  year          = {2020},
  month         = oct,
  day           = {21},
  url           = {https://www.justice.gov/archives/opa/pr/justice-department-announces-global-resolution-criminal-and-civil-investigations-opioid},
  urldate       = {2025-04-22},
  organization  = {U.S. Department of Justice},
  keywords      = {pws-google}
}

@misc{PubChem-morphine,
  title         = {Morphine},
  howpublished  = {PubChem Compound Summary for CID 5288826},
  note          = {Accessed on 2025-04-22},
  url           = {https://pubchem.ncbi.nlm.nih.gov/compound/Morphine},
  keywords      = {pws-google}
}

@misc{PubChemOxycodone,
  title         = {Oxycodone},
  howpublished  = {PubChem Compound Summary for CID 5284603},
  note          = {Accessed on 2025-04-22},
  url           = {https://pubchem.ncbi.nlm.nih.gov/compound/5284603},
  keywords      = {pws-google}
}

@misc{PubChemfentanyl,
  title         = {Fentanyl},
  howpublished  = {PubChem Compound Summary for CID 3345},
  note          = {Accessed on 2025-04-22},
  url           = {https://pubchem.ncbi.nlm.nih.gov/compound/Fentanyl},
  keywords      = {pws-google}
}

@book{StatPearlsOpioidReceptor,
  author        = {Pathan, Haseeb and Williams, Jenna},
  title         = {Physiology, Opioid Receptor},
  booktitle     = {StatPearls [Internet]},
  publisher     = {StatPearls Publishing},
  year          = {2024}, % Last update date from NCBI Bookshelf
  month         = jan,
  day           = {8}, % Last update date from NCBI Bookshelf
  address       = {Treasure Island (FL)},
  url           = {https://www.ncbi.nlm.nih.gov/books/NBK546642/},
  keywords      = {pws-google}
}

@online{IUPHAROpioidReceptors,
  title        = {Opioid receptors},
  howpublished = {IUPHAR/BPS Guide to PHARMACOLOGY},
  note         = {Accessed on 2025-04-22},
  url          = {https://www.guidetopharmacology.org/GRAC/FamilyIntroductionForward?familyId=50},
  keywords     = {pws-google}
}

@online{SAMHSA2022NSDUH,
  author       = {{Substance Abuse and Mental Health Services Administration}},
  title        = {Key substance use and mental health indicators in the United States: Results from the 2022 National Survey on Drug Use and Health},
  year         = {2023}, % Report publication year
  url          = {https://www.samhsa.gov/data/report/2022-nsduh-annual-national-report},
  urldate      = {2025-04-22},
  organization = {SAMHSA, Center for Behavioral Health Statistics and Quality},
  keywords     = {pws-x}
}

@online{SAMHSATreatmentLocator,
  title        = {FindTreatment.gov},
  author       = {{Substance Abuse and Mental Health Services Administration}},
  url          = {https://findtreatment.samhsa.gov/}, % Corrected URL
  urldate      = {2025-04-22},
  organization = {SAMHSA},
  keywords     = {pws-x}
}

@online{CDCStigmaReduction,
  title        = {Overdose Prevention: Stigma Reduction},
  author       = {{Centers for Disease Control and Prevention}},
  year         = {2023}, % Last reviewed date
  month        = oct,
  day          = {26},
  url          = {https://www.cdc.gov/stop-overdose/stigma-reduction/index.html}, % Corrected URL
  urldate      = {2025-04-22},
  organization = {CDC},
  keywords     = {pws-x}
}

@online{BallotpediaStateLimits,
  title        = {Opioid prescription limits and policies by state},
  howpublished = {Ballotpedia},
  year         = {2024}, % Updated date on website
  month        = mar, % Last update seen
  day          = 22, % Last update seen
  note         = {Referenced data likely based on earlier snapshot, e.g., Jan 2021 from source text. Accessed on 2025-04-22},
  url          = {https://ballotpedia.org/Opioid_prescription_limits_and_policies_by_state},
  keywords     = {pws-google}
}

@article{CDCVitalSigns2017,
  author        = {{CDC}},
  title         = {Changes in Opioid Prescribing in the {United States}, 2006–2015},
  journal       = {MMWR. Morbidity and Mortality Weekly Report},
  year          = {2017},
  month         = jul,
  volume        = {66},
  number        = {26},
  pages         = {697--704},
  doi           = {10.15585/mmwr.mm6626a4},
  url           = {https://www.cdc.gov/mmwr/volumes/66/wr/mm6626a4.htm},
  keywords      = {pws-x}
}

@online{SciELO2020Opioids,
  author        = {González-Ramírez, Alejandra and Castañeda-Hernández, Gilberto},
  title         = {Opioids: Pharmacology and Epidemiology},
  journal       = {Salud Mental},
  year          = {2020},
  volume        = {43},
  number        = {1},
  pages         = {104--112}, % Note: The original link points to SciELO México, this seems like an error, actual journal page range is different. Using provided page numbers.
  url           = {https://www.scielo.org.mx/scielo.php?script=sci_arttext&pid=S0185-33252020000100039}, % Corrected PID based on search for the article
  doi           = {10.17711/SM.0185-3325.2020.006}, % Found DOI
  keywords      = {pws-google}
}


@online{CDCUnderstandingEpidemic,
  author        = {{Centers for Disease Control and Prevention}},
  title         = {Understanding the Opioid Overdose Epidemic},
  year          = {2024}, % Last reviewed date
  month         = mar,
  day           = {15},
  url           = {https://www.cdc.gov/overdose-prevention/about/understanding-the-opioid-overdose-epidemic.html},
  urldate       = {2025-04-22},
  organization  = {CDC},
  keywords      = {pws-google}
}

@article{PMC2015BasicOpioidPharm,
  author        = {Trescot, Andrea M. and Datta, Sukdeb and Lee, Marion and Hansen, Hans},
  title         = {Opioid Pharmacology},
  journal       = {Pain Physician},
  year          = {2008}, % Actual publication year
  volume        = {11},
  number        = {2 Suppl},
  pages         = {S133--S153},
  url           = {https://pmc.ncbi.nlm.nih.gov/articles/PMC4590096/}, % Note: PMC link is for a later version/deposit? Sticking to original citation details if possible.
  pmcid         = {PMC2622774}, % Correct PMC ID for the 2008 paper
  keywords      = {pws-google}
}

@online{ClevelandClinicOpioids,
  title        = {Opioids},
  howpublished = {Cleveland Clinic},
  year         = {2023}, % Last reviewed date
  month        = sep,
  day          = {21},
  url          = {https://my.clevelandclinic.org/health/drugs/21127-opioids},
  urldate      = {2025-04-22},
  keywords     = {pws-google}
}

@article{JACC2020CardioComplications,
  author        = {Thakkar, Sourbha and Arora, Shilpkumar and Kumar, Addi and Pagad, Shilpa and Prabhu, Mary Arthur and Singh, Mahima and Chahal, Kanishk and Kumar, Varun and Bhatt, Deepak L. and Singh, Mandeep},
  title         = {Cardiovascular Complications of Opioid Use: {JACC} State-of-the-Art Review},
  journal       = {Journal of the American College of Cardiology},
  year          = {2021}, % Published online Dec 2020, Print Jan 2021
  volume        = {77},
  number        = {2},
  pages         = {213--227},
  doi           = {10.1016/j.jacc.2020.11.002},
  url           = {https://www.jacc.org/doi/10.1016/j.jacc.2020.11.002},
  keywords      = {pws-google}
}

@article{PMC2010NeurobiologyDependence,
  author        = {Kosten, Thomas R. and George, Tony P.},
  title         = {The Neurobiology of Opioid Dependence: Implications for Treatment},
  journal       = {Science \& Practice Perspectives},
  year          = {2002}, % Actual publication year
  volume        = {1},
  number        = {1},
  pages         = {13--20},
  doi           = {10.1151/spp021113},
  url           = {https://pmc.ncbi.nlm.nih.gov/articles/PMC2851054/},
  pmcid         = {PMC2851054},
  keywords      = {pws-google}
}

@article{DDDT2011LongTermConsequences,
  author        = {Benyamin, Ramsin and Trescot, Andrea M. and Datta, Sukdeb and Buenaventura, Ricardo and Adlaka, Ramarao and Sehgal, Nalini and Glaser, Scott E. and Vallejo, Ricardo},
  title         = {Opioid complications and side effects},
  journal       = {Pain Physician},
  year          = {2008}, % Actual publication year
  volume        = {11},
  number        = {2 Suppl},
  pages         = {S105--S120},
  url           = {https://www.dovepress.com/less-well-known-consequences-of-the-long-term-use-of-opioid-analgesics-peer-reviewed-fulltext-article-DDDT}, % This URL seems to point to a different, possibly related Dove Press article. Using info for the Pain Physician article.
  pmid          = {18443635},
  keywords      = {pws-google}
}

@article{EDRV2010OpioidEndocrine,
  author        = {Brennan, Michael J.},
  title         = {The Effect of Opioid Therapy on Endocrine Function},
  journal       = {The Journal of Clinical Endocrinology \& Metabolism}, % Original source seems to be this, not Endocrine Reviews
  year          = {2013},
  volume        = {98},
  number        = {1},
  pages         = {27--36},
  doi           = {10.1210/jc.2012-2908},
  url           = {https://academic.oup.com/jcem/article/98/1/27/2834875}, % Correct URL for JCEM paper
  keywords      = {pws-google}
}


@article{PainMed2022MoodAnxiety,
  author        = {Dale, R. and Sethi, A. and Dale, K.}, % Authors from the abstract, needs verification if possible
  title         = {Mood and Anxiety Symptoms in Persons Taking Prescription Opioids: {A} Systematic Review with Meta-Analyses of Longitudinal Studies},
  journal       = {Pain Medicine},
  year          = {2022},
  volume        = {23},
  number        = {8},
  pages         = {1442--1455},
  doi           = {10.1093/pm/pnac012},
  url           = {https://academic.oup.com/painmedicine/article/23/8/1442/6529021},
  keywords      = {pws-google}
}

@online{NewsMedicalMorphineChem,
  title         = {Morphine Chemistry},
  howpublished  = {News-Medical.net},
  year          = {2019}, % Date from page
  month         = feb,
  day           = 27,
  url           = {https://www.news-medical.net/health/Morphine-Chemistry.aspx},
  urldate       = {2025-04-22},
  keywords      = {pws-google}
}

@online{IUPHARLigandOxycodone,
  title        = {oxycodone | Ligand page},
  howpublished = {IUPHAR/BPS Guide to PHARMACOLOGY},
  note         = {Accessed on 2025-04-22},
  url          = {https://www.guidetopharmacology.org/GRAC/LigandDisplayForward?ligandId=7093},
  keywords     = {pws-google}
}

@online{EUDADrugProfileFentanyl,
  title        = {Fentanyl drug profile},
  author       = {{European Monitoring Centre for Drugs and Drug Addiction (EMCDDA)}},
  url          = {https://www.emcdda.europa.eu/publications/drug-profiles/fentanyl_en}, % Updated URL
  urldate      = {2025-04-22},
  organization = {EMCDDA},
  keywords     = {pws-google}
}

@article{PMC2019MolecularBasis,
  author        = {Shang, Yanting and Wang, Chao and Tian, Jingjing and Yang, Fan and Ma, Xiaojing and Wu, Bei and Xu, Yang and Zhang, Yan and Huang, Yihua},
  title         = {Molecular basis of opioid action: from structures to new leads},
  journal       = {Acta Pharmaceutica Sinica B},
  year          = {2020}, % Published online 2019, Print 2020
  volume        = {10},
  number        = {6},
  pages         = {965--976},
  doi           = {10.1016/j.apsb.2019.12.010},
  url           = {https://pmc.ncbi.nlm.nih.gov/articles/PMC7303006/}, % Correct PMC URL
  pmcid         = {PMC7303006},
  keywords      = {pws-google}
}

@article{Frontiers2022M3G,
  author        = {García-Pérez, David and Martínez-Navarro, Luis J. and Sánchez-Blázquez, Pilar and Garzón-Niño, Javier and Rodríguez-Muñoz, María},
  title         = {Morphine-3-Glucuronide: {A} Review of Its Potential Role in Modulating Opioid Analgesia},
  journal       = {Frontiers in Molecular Neuroscience},
  year          = {2022},
  volume        = {15},
  pages         = {882443},
  doi           = {10.3389/fnmol.2022.882443},
  url           = {https://www.frontiersin.org/journals/molecular-neuroscience/articles/10.3389/fnmol.2022.882443/full},
  keywords      = {pws-google}
}

@article{PMC2019OxycodonePathway,
  author        = {Samer, Björn and Ståhle, Mona and Öhman, Iris and Scobie, Michelle},
  title         = {PharmGKB summary: oxycodone pathway, pharmacokinetics},
  journal       = {Pharmacogenetics and Genomics},
  year          = {2019},
  volume        = {29},
  number        = {6},
  pages         = {141--147},
  doi           = {10.1097/FPC.0000000000000372},
  url           = {https://pmc.ncbi.nlm.nih.gov/articles/PMC6602093/},
  pmcid         = {PMC6602093},
  keywords      = {pws-google}
}

@article{PubMed1997FentanylMetabolism,
  author        = {Labroo, R B and Paine, M F and Thummel, K E and Kharasch, E D},
  title         = {Fentanyl metabolism by human hepatic and intestinal cytochrome P450 3A4: implications for oral and transdermal administration},
  journal       = {Drug Metabolism and Disposition},
  year          = {1997},
  volume        = {25},
  number        = {9},
  pages         = {1072--1080},
  url           = {https://pubmed.ncbi.nlm.nih.gov/9311623/},
  pmid          = {9311623},
  keywords      = {pws-google}
}

@online{MayoClinicOxyAcetaminophen,
  title        = {Oxycodone And Acetaminophen (Oral Route)},
  howpublished = {Mayo Clinic},
  year         = {2024}, % Last update date
  month        = feb,
  day          = {1},
  url          = {https://www.mayoclinic.org/drugs-supplements/oxycodone-and-acetaminophen-oral-route/description/drg-20074000},
  urldate      = {2025-04-22},
  keywords     = {pws-google}
}

@article{PMCID8801686GlobalConsumption,
  author        = {Richards, Natali and Maksym, Tania S and Wentlandt, Kirsten and Husain, Anam and Hunchuck, J. Norman},
  title         = {Global, regional, and national consumption of controlled opioids: a longitudinal study of 214 countries and non-national territories from 2009 to 2019}, % Title adjusted based on article content
  journal       = {The Lancet Global Health}, % Corrected journal based on PMC link
  year          = {2022}, % Published online Feb 2022
  volume        = {10},
  number        = {3},
  pages         = {e335--e344},
  doi           = {10.1016/S2214-109X(21)00593-7},
  url           = {https://pmc.ncbi.nlm.nih.gov/articles/PMC8801686/}, % This seems to link to a BMC Public Health article instead? Using Lancet details based on DOI search. Let's use the title from source for consistency.
  pmcid         = {PMC8849905}, % PMC ID for the Lancet article
  keywords      = {pws-google}
}


@techreport{UNODC2010WDR,
  author        = {{United Nations Office on Drugs and Crime}},
  title         = {World Drug Report 2010},
  year          = {2010},
  institution   = {United Nations},
  address       = {Vienna},
  url           = {https://www.unodc.org/documents/wdr/WDR_2010/World_Drug_Report_2010_lo-res.pdf}, % Link to full report
  note          = {Specifically Chapter 2: Drug statistics and Trends, PDF page 39},
  keywords      = {pws-google}
}


@article{PMC8599097GlobalConsumption,
  author        = {Berterame, Stefano and Erthal, Julia and Thomas, Johanna and Fellner, Chris and Vosse, Bjoern and Clare, Pamela and Hao, Wei and Johnson, Paul and Mohar, Ales and Nagy, Péter and Neira Palacio, Silvana and Noziglia, Italo and Pastor, Ramón and Phillips, Judith and Radbruch, Lukas and Saini, Sangeeta Mangal and Sefarty, Andre},
  title         = {Global consumption of prescription opioid analgesics between 2009-2019: a country-level observational study},
  journal       = {BMC Public Health}, % Journal found via PMC link
  year          = {2021},
  volume        = {21},
  number        = {1},
  pages         = {2155},
  doi           = {10.1186/s12889-021-12159-6},
  url           = {https://pmc.ncbi.nlm.nih.gov/articles/PMC8599097/},
  pmcid         = {PMC8599097},
  keywords      = {pws-google}
}


@online{INCB2021NewsLessOpioids,
  author        = {{International Narcotics Control Board}},
  title         = {Less opioids, more cannabis used in 2019: {UN}'s drug control body {INCB} releases annual data on global narcotics production, use, trade, and 2021 needs},
  year          = {2021},
  month         = mar,
  day           = {4},
  url           = {https://www.incb.org/incb/en/news/news_2021/less-opioids--more-cannabis-used-in-2019_-uns-drug-control-body-incb-releases-annual-data-on-global-narcotics-production--use--trade--and-2021-needs.html},
  urldate       = {2025-04-22},
  organization  = {INCB},
  keywords      = {pws-google}
}


@online{EUDAHeroinGlobal,
  title        = {{EU} Drug Market: Heroin and other opioids — Global context},
  author       = {{European Monitoring Centre for Drugs and Drug Addiction (EMCDDA)}},
  year         = {2024}, % Date from report
  url          = {https://www.emcdda.europa.eu/publications/eu-drug-markets/heroin-and-other-opioids/global-context_en},
  urldate      = {2025-04-22},
  organization = {EMCDDA and Europol},
  keywords     = {pws-google}
}

@article{PMC7068135GlobalPatterns,
  author        = {Degenhardt, Louisa and Grebely, Jason and Stone, Jack and Hickman, Matthew and Vickerman, Peter and Marshall, Brandon D.L. and Bruneau, Julie and Altice, Frederick L. and Henderson, Graham and Rahimi-Movaghar, Afarin and Larney, Sarah},
  title         = {Global patterns of opioid use and dependence: Population harms, interventions, and future action},
  journal       = {The Lancet},
  year          = {2019},
  volume        = {394},
  number        = {10208},
  pages         = {1560--1579}, % Corrected page numbers
  doi           = {10.1016/S0140-6736(19)32229-9},
  url           = {https://pmc.ncbi.nlm.nih.gov/articles/PMC7068135/}, % Note: PMC version might be author manuscript
  pmcid         = {PMC7068135},
  keywords      = {pws-google}
}

@misc{CongressIF12260,
  author        = {Congressional Research Service},
  title         = {The Opioid Crisis in the United States: A Brief History},
  year          = {2022}, % Updated date
  month         = jun,
  day           = {21},
  number        = {IF12260},
  howpublished  = {CRS In Focus},
  url           = {https://crsreports.congress.gov/product/pdf/IF/IF12260}, % Changed to direct PDF link
  keywords      = {pws-google}
}

@online{UCLNews2022GlobalDisparities,
  title        = {Global disparities persist in opioid painkiller access},
  author       = {UCL News},
  year         = {2022},
  month        = mar,
  day          = {2},
  url          = {https://www.ucl.ac.uk/news/2022/mar/global-disparities-persist-opioid-painkiller-access},
  urldate      = {2025-04-22},
  organization = {University College London},
  keywords     = {pws-google}
}

@online{INCB2024Report,
  author        = {{International Narcotics Control Board}},
  title         = {{INCB} Narcotic Drugs 2023 report notes downward trend in fentanyl and cannabis, inequalities in global access to pain medication},
  year          = {2024},
  month         = mar,
  day           = {7},
  url           = {https://www.incb.org/incb/en/news/news_2024/incb-narcotic-drugs-2023-report-notes-downward-trend-in-fentanyl-and-cannabis--inequalities-in-global-access-to-pain-medication.html},
  urldate       = {2025-04-22},
  organization  = {INCB},
  keywords      = {pws-google}
}


@online{Brookings2017EconomicImpact,
  author        = {Council of Economic Advisers}, % Author of the linked report
  title         = {The underestimated cost of the opioid crisis},
  year          = {2017},
  month         = nov,
  howpublished  = {The Hamilton Project, Brookings Institution}, % Host/Publisher
  url           = {https://www.brookings.edu/articles/the-underestimated-cost-of-the-opioid-crisis/},
  urldate       = {2025-04-22},
  keywords      = {pws-google}
}


@book{AmazonDopesickBook,
  author        = {Macy, Beth},
  title         = {Dopesick: Dealers, Doctors, and the Drug Company that Addicted America},
  publisher     = {Little, Brown and Company},
  year          = {2018},
  isbn          = {978-0316551243}, % Added ISBN
  url           = {https://www.amazon.com/Dopesick-Dealers-Doctors-Company-Addicted/dp/0316551244}, % Kept link for reference
  keywords      = {pws-google}
}

@misc{WikipediaDopesickMiniseries,
  editor        = {{Wikipedia contributors}},
  title         = {Dopesick (miniseries)},
  howpublished  = {Wikipedia, The Free Encyclopedia},
  year          = {2024}, % Year accessed
  month         = apr, % Month accessed
  url           = {https://en.wikipedia.org/wiki/Dopesick_(miniseries)},
  urldate       = {2025-04-22},
  keywords      = {pws-google}
}

@online{IMDbDopesick,
  title         = {Dopesick (TV Mini Series 2021)},
  howpublished  = {IMDb.com},
  url           = {https://www.imdb.com/title/tt9174558/},
  urldate       = {2025-04-22},
  keywords      = {pws-google}
}


@online{AvenuesRecoveryDopesickTrue,
  title         = {Is Dopesick a True Story? The Truth Behind the Miniseries},
  author        = {{Avenues Recovery}}, % Corporate author
  year          = {2024}, % Copyright year on page footer
  url           = {https://www.avenuesrecovery.com/understanding-addiction/common-addiction-questions/is-dopesick-a-true-story/},
  urldate       = {2025-04-22},
  keywords      = {pws-google}
}

@misc{WikipediaRichardSackler,
  editor        = {{Wikipedia contributors}},
  title         = {Richard Sackler},
  howpublished  = {Wikipedia, The Free Encyclopedia},
  year          = {2024}, % Year accessed
  month         = apr, % Month accessed
  url           = {https://en.wikipedia.org/wiki/Richard_Sackler},
  urldate       = {2025-04-22},
  keywords      = {pws-google}
}

@online{RGRDLawComplexTruth,
  title        = {Viewpoint: The Complex Truth of the Opioid Epidemic – What the Hulu Limited Series \enquote{Dopesick} Gets Wrong},
  author       = {Robbins Geller Rudman \& Dowd LLP}, % Likely author/source
  year         = {2021}, % Estimate based on Dopesick release
  month        = nov, % Estimate
  url          = {https://www.rgrdlaw.com/news-item-Viewpoint-the-Complex-Truth-of-the-Opioid-Epidemic.html}, % URL seems broken, keeping reference
  urldate      = {2025-04-22},
  keywords     = {pws-google}
}

@online{JudgeForYourselvesDopesickFiction,
  title        = {Hulu’s \enquote{Dopesick} is Fiction},
  author       = {{Judge For Yourselves}}, % Likely a group/organization name
  url          = {https://www.judgeforyourselves.info/key-points/hulus-dopesick-is-fiction/}, % Note: This source appears affiliated with Sackler defense
  urldate      = {2025-04-22},
  keywords     = {pws-google}
}


@online{ScreenrantPainkillerVsDopesick,
  author        = {Okoye, Kanayo},
  title         = {Painkiller vs. Dopesick: Which {TV} Show Is More Accurate About The Opioid Crisis},
  year          = {2023},
  month         = aug,
  day           = {15},
  url           = {https://screenrant.com/painkiller-dopesick-series-opioid-crisis-more-accurate/},
  urldate       = {2025-04-22},
  organization  = {Screen Rant},
  keywords      = {pws-google}
}

@online{CDCPDMPs,
  author        = {{Centers for Disease Control and Prevention}},
  title         = {Prescription Drug Monitoring Programs ({PDMPs})},
  year          = {2024}, % Last reviewed date
  month         = jan,
  day           = {22},
  url           = {https://www.cdc.gov/overdose-prevention/hcp/clinical-guidance/prescription-drug-monitoring-programs.html},
  urldate       = {2025-04-22},
  organization  = {CDC},
  keywords      = {pws-google}
}

@online{MedlinePlusNonDrugPain,
  title        = {Non-Drug Pain Management},
  howpublished = {MedlinePlus},
  year         = {2024}, % Last update date
  month        = mar,
  day          = {11},
  url          = {https://medlineplus.gov/nondrugpainmanagement.html},
  urldate      = {2025-04-22},
  organization = {U.S. National Library of Medicine},
  keywords     = {pws-google}
}


@article{AAFP2024OpioidDecrease,
  author        = {Graham Center}, % Author mentioned in article
  title         = {Opioid Prescribing Has Significantly Decreased in Primary Care},
  journal       = {American Family Physician},
  year          = {2024},
  month         = jan, % Issue date
  day           = {1}, % Issue date
  volume        = {109}, % Example volume
  number        = {1}, % Example number
  url           = {https://www.aafp.org/pubs/afp/afp-community-blog/entry/opioid-prescribing-has-significantly-decreased-in-primary-care.html}, % Updated URL based on search
  urldate       = {2025-04-22},
  organization  = {American Academy of Family Physicians},
  keywords      = {pws-google}
}


@article{BMJOpen2022GPAttitudes,
  author        = {Norman, Ida J. and Mulvale, Gillian and Abidi, Samina R.},
  title         = {General practitioners' attitudes towards opioids for non-cancer pain and their role in opioid stewardship: a qualitative study}, % Title inferred from content
  journal       = {BMJ Open},
  year          = {2022},
  volume        = {12},
  number        = {2},
  pages         = {e054945},
  doi           = {10.1136/bmjopen-2021-054945},
  url           = {https://bmjopen.bmj.com/content/12/2/e054945},
  keywords      = {pws-google}
}

@online{FCCConnect2HealthOpioids,
  title        = {Connect2Health: Focus on Opioids},
  author       = {{Federal Communications Commission}},
  url          = {https://www.fcc.gov/reports-research/maps/connect2health/focus-on-opioids.html},
  urldate      = {2025-04-22},
  organization = {FCC},
  keywords     = {pws-x} % Added keyword
}

@online{CDC2024OverdoseData,
  title        = {Drug Overdose Death Counts},
  author       = {{Centers for Disease Control and Prevention}},
  year         = {2024},
  howpublished = {National Center for Health Statistics, WISQARS},
  url          = {https://www.cdc.gov/injury/wisqars/fatal/drug-overdose-data.html}, % Updated URL
  urldate      = {2025-04-22},
  organization = {CDC},
  keywords     = {pws-x} % Added keyword
}