
@online{WHO2023Opioid,
  author       = {{World Health Organization}},
  title        = {Opioid overdose},
  year         = {2023},
  month        = {10},
  day          = {29},
  url          = {https://www.who.int/news-room/fact-sheets/detail/opioid-overdose},
  urldate      = {2025-04-22},
  organization = {World Health Organization}
}

@article{Cicero2017Review,
  author   = {Cicero, Theodore J. and Ellis, Matthew S. and Kasper, Zachary A.},
  title    = {The prescription opioid epidemic: a review of qualitative studies on the progression from initial use to abuse},
  journal  = {Dialogues in clinical neuroscience},
  year     = {2017},
  volume   = {19},
  number   = {3},
  pages    = {259--269},
  url      = {https://pmc.ncbi.nlm.nih.gov/articles/PMC5741109/},
  pmcid    = {PMC5741109},
  keywords = {pws-x}
}

@article{Gupta2010ChemistryOpioids,
  author   = {Gupta, Anshu and Kaur, Kavaljit and Sharma, Sonam and Goyal, Sangeeta and Arora, Samita and Murthy, R. S. R.},
  title    = {Chemistry of Opioids},
  journal  = {Der Pharma Chemica},
  year     = {2010},
  volume   = {2},
  number   = {3},
  pages    = {286-295},
  url      = {https://www.derpharmachemica.com/pharma-chemica/chemistry-of-opioids-83924.html},
  keywords = {pws-x}
}

@online{CDCPreventingOverdose,
  author       = {{Centers for Disease Control and Prevention}},
  title        = {Preventing Opioid Overdose},
  year         = {2023},
  month        = oct,
  day          = {26},
  url          = {https://www.cdc.gov/overdose-prevention/prevention/index.html},
  urldate      = {2025-04-22},
  organization = {Centers for Disease Control and Prevention (CDC)},
  keywords     = {pws-x, pws-google}
}

@article{Hooten2021OpioidsChronicPain,
  author   = {Hooten, W. Michael},
  title    = {Opioids and Chronic Pain: {An} Analytic Review of the Clinical Evidence},
  journal  = {Frontiers in Pain Research},
  year     = {2021},
  volume   = {2},
  pages    = {721357},
  doi      = {10.3389/fpain.2021.721357},
  url      = {https://www.frontiersin.org/journals/pain-research/articles/10.3389/fpain.2021.721357/full},
  keywords = {pws-x}
}

@techreport{CDC2024DataBrief491,
  author      = {Ahmad, Farida B. and Cisewski, Jodi A. and Rossen, Lauren M. and Sutton, Paul},
  title       = {Drug Overdose Deaths in the {United States}, 2002–2022},
  institution = {National Center for Health Statistics},
  year        = {2024},
  month       = mar,
  number      = {491},
  type        = {NCHS Data Brief},
  url         = {https://www.cdc.gov/nchs/products/databriefs/db491.htm},
  keywords    = {pws-google}
}

@techreport{CDC2022DataBrief457,
  author      = {Ahmad, Farida B. and Cisewski, Jodi A. and Rossen, Lauren M. and Sutton, Paul},
  title       = {Drug Overdose Deaths Involving Fentanyl, 2011-2016},
  institution = {National Center for Health Statistics},
  year        = {2022},
  month       = dec,
  number      = {457},
  type        = {NCHS Data Brief},
  url         = {https://www.cdc.gov/nchs/products/databriefs/db457.htm},
  keywords    = {pws-google}
}

@misc{WikipediaOpioidEpidemicUS,
  editor       = {{Wikipedia contributors}},
  title        = {Opioid epidemic in the {United States}},
  howpublished = {Wikipedia, The Free Encyclopedia},
  year         = {2024},
  month        = apr,
  url          = {https://en.wikipedia.org/wiki/Opioid_epidemic_in_the_United_States},
  urldate      = {2025-04-22},
  keywords     = {pws-x}
}

@online{HealthlineDopesickTruth,
  author       = {Cronkleton, Emily},
  title        = {{OxyContin} and the Opioid Epidemic: {Here’s} the Truth Behind the {Hulu} Series ‘{Dopesick}’},
  year         = {2021},
  month        = nov,
  day          = {19},
  url          = {https://www.healthline.com/health-news/oxycontin-and-the-opioid-epidemic-heres-the-truth-behind-the-hulu-series-dopesick},
  urldate      = {2025-04-22},
  organization = {Healthline Media},
  keywords     = {pws-x}
}

@online{JusticeDeptPurdueResolution,
  author       = {{Office of Public Affairs}},
  title        = {Justice Department Announces Global Resolution of Criminal and Civil Investigations with Opioid Manufacturer {Purdue Pharma} and Civil Settlement with Members of the {Sackler} Family},
  year         = {2020},
  month        = oct,
  day          = {21},
  url          = {https://www.justice.gov/archives/opa/pr/justice-department-announces-global-resolution-criminal-and-civil-investigations-opioid},
  urldate      = {2025-04-22},
  organization = {U.S. Department of Justice},
  keywords     = {pws-google}
}

@misc{PubChem-morphine,
  title        = {Morphine},
  howpublished = {PubChem Compound Summary for CID 5288826},
  year         = {2024},
  month        = apr,
  note         = {Accessed on 2025-04-22},
  url          = {https://pubchem.ncbi.nlm.nih.gov/compound/Morphine},
  keywords     = {pws-google}
}

@misc{PubChemOxycodone,
  title        = {Oxycodone},
  howpublished = {PubChem Compound Summary for CID 5284603},
  year         = {2024},
  month        = apr,
  note         = {Accessed on 2025-04-22},
  url          = {https://pubchem.ncbi.nlm.nih.gov/compound/5284603},
  keywords     = {pws-google}
}

@misc{PubChemfentanyl,
  title        = {Fentanyl},
  howpublished = {PubChem Compound Summary for CID 3345},
  year         = {2024},
  month        = apr,
  note         = {Accessed on 2025-04-22},
  url          = {https://pubchem.ncbi.nlm.nih.gov/compound/Fentanyl},
  keywords     = {pws-google}
}

@book{StatPearlsOpioidReceptor,
  author    = {Pathan, Haseeb and Williams, Jenna},
  title     = {Physiology, Opioid Receptor},
  booktitle = {StatPearls [Internet]},
  publisher = {StatPearls Publishing},
  year      = {2024},
  month     = jan,
  day       = {8},
  address   = {Treasure Island (FL)},
  url       = {https://www.ncbi.nlm.nih.gov/books/NBK546642/},
  keywords  = {pws-google}
}

@online{IUPHAROpioidReceptors,
  title        = {Opioid receptors},
  howpublished = {IUPHAR/BPS Guide to PHARMACOLOGY},
  year         = {2024},
  note         = {Accessed on 2025-04-22},
  url          = {https://www.guidetopharmacology.org/GRAC/FamilyIntroductionForward?familyId=50},
  keywords     = {pws-google}
}

@online{SAMHSA2022NSDUH,
  author       = {{Substance Abuse and Mental Health Services Administration}},
  title        = {Key substance use and mental health indicators in the United States: Results from the 2022 National Survey on Drug Use and Health},
  year         = {2023},
  url          = {https://www.samhsa.gov/data/report/2022-nsduh-annual-national-report},
  urldate      = {2025-04-22},
  organization = {SAMHSA, Center for Behavioral Health Statistics and Quality},
  keywords     = {pws-x}
}

@online{SAMHSATreatmentLocator,
  title        = {FindTreatment.gov},
  author       = {{Substance Abuse and Mental Health Services Administration}},
  year         = {2024},
  url          = {https://findtreatment.gov/},
  urldate      = {2025-04-22},
  organization = {SAMHSA},
  keywords     = {pws-x}
}

@online{CDCStigmaReduction,
  title        = {Overdose Prevention: Stigma Reduction},
  author       = {{Centers for Disease Control and Prevention}},
  year         = {2023},
  month        = oct,
  day          = {26},
  url          = {https://www.cdc.gov/stopoverdose/stigma/index.html},
  urldate      = {2025-04-22},
  organization = {CDC},
  keywords     = {pws-x}
}

@online{BallotpediaStateLimits,
  title        = {Opioid prescription limits and policies by state},
  howpublished = {Ballotpedia},
  year         = {2024},
  month        = mar,
  day          = {22},
  note         = {Referenced data likely based on earlier snapshot, e.g., Jan 2021 from source text. Accessed on 2025-04-22},
  url          = {https://ballotpedia.org/Opioid_prescription_limits_and_policies_by_state},
  keywords     = {pws-google}
}

@article{CDCVitalSigns2017,
  author   = {{CDC}},
  title    = {Changes in Opioid Prescribing in the {United States}, 2006–2015},
  journal  = {MMWR. Morbidity and Mortality Weekly Report},
  year     = {2017},
  month    = jul,
  volume   = {66},
  number   = {26},
  pages    = {697--704},
  doi      = {10.15585/mmwr.mm6626a4},
  url      = {https://www.cdc.gov/mmwr/volumes/66/wr/mm6626a4.htm},
  keywords = {pws-x}
}

@article{SciELO2020Opioids,
  author   = {Gonz{\'a}lez-Ram{\'\i}rez, Alejandra and Casta{\~n}eda-Hern{\'a}ndez, Gilberto},
  title    = {Opioids: Pharmacology and Epidemiology},
  journal  = {Salud Mental},
  year     = {2020},
  volume   = {43},
  number   = {1},
  pages    = {39--46},
  url      = {https://www.scielo.org.mx/scielo.php?script=sci_arttext&pid=S0185-33252020000100039},
  doi      = {10.17711/SM.0185-3325.2020.006},
  keywords = {pws-google}
}

@online{CDCUnderstandingEpidemic,
  author       = {{Centers for Disease Control and Prevention}},
  title        = {Understanding the Opioid Overdose Epidemic},
  year         = {2024},
  month        = mar,
  day          = {15},
  url          = {https://www.cdc.gov/opioids/basics/epidemic.html},
  urldate      = {2025-04-22},
  organization = {CDC},
  keywords     = {pws-google}
}

@article{Trescot2008OpioidPharm,
  author   = {Trescot, Andrea M. and Datta, Sukdeb and Lee, Marion and Hansen, Hans},
  title    = {Opioid Pharmacology},
  journal  = {Pain Physician},
  year     = {2008},
  volume   = {11},
  number   = {2 Suppl},
  pages    = {S133--S153},
  url      = {https://www.painphysicianjournal.com/current/2008/march/2008;11;S133-S153.pdf},
  pmcid    = {PMC2622774},
  keywords = {pws-google}
}

@online{ClevelandClinicOpioids,
  title        = {Opioids},
  howpublished = {Cleveland Clinic},
  year         = {2023},
  month        = sep,
  day          = {21},
  url          = {https://my.clevelandclinic.org/health/drugs/21127-opioids},
  urldate      = {2025-04-22},
  keywords     = {pws-google}
}

@article{Thakkar2021CardioComplications,
  author   = {Thakkar, Sourbha and Arora, Shilpkumar and Kumar, Addi and Pagad, Shilpa and Prabhu, Mary Arthur and Singh, Mahima and Chahal, Kanishk and Kumar, Varun and Bhatt, Deepak L. and Singh, Mandeep},
  title    = {Cardiovascular Complications of Opioid Use: {JACC} State-of-the-Art Review},
  journal  = {Journal of the American College of Cardiology},
  year     = {2021},
  volume   = {77},
  number   = {2},
  pages    = {213--227},
  doi      = {10.1016/j.jacc.2020.11.002},
  url      = {https://www.jacc.org/doi/10.1016/j.jacc.2020.11.002},
  keywords = {pws-google}
}

@article{Kosten2002NeurobiologyDependence,
  author   = {Kosten, Thomas R. and George, Tony P.},
  title    = {The Neurobiology of Opioid Dependence: Implications for Treatment},
  journal  = {Science \& Practice Perspectives},
  year     = {2002},
  volume   = {1},
  number   = {1},
  pages    = {13--20},
  doi      = {10.1151/spp021113},
  url      = {https://www.ncbi.nlm.nih.gov/pmc/articles/PMC2851054/},
  pmcid    = {PMC2851054},
  keywords = {pws-google}
}

@article{Benyamin2008OpioidComplications,
  author   = {Benyamin, Ramsin and Trescot, Andrea M. and Datta, Sukdeb and Buenaventura, Ricardo and Adlaka, Ramarao and Sehgal, Nalini and Glaser, Scott E. and Vallejo, Ricardo},
  title    = {Opioid complications and side effects},
  journal  = {Pain Physician},
  year     = {2008},
  volume   = {11},
  number   = {2 Suppl},
  pages    = {S105--S120},
  url      = {https://www.painphysicianjournal.com/current/2008/march/2008;11;S105-S120.pdf},
  pmid     = {18443635},
  keywords = {pws-google}
}

@article{Brennan2013OpioidEndocrine,
  author   = {Brennan, Michael J.},
  title    = {The Effect of Opioid Therapy on Endocrine Function},
  journal  = {The Journal of Clinical Endocrinology \& Metabolism},
  year     = {2013},
  volume   = {98},
  number   = {1},
  pages    = {27--36},
  doi      = {10.1210/jc.2012-2908},
  url      = {https://academic.oup.com/jcem/article/98/1/27/2834875},
  keywords = {pws-google}
}

@article{Dale2022MoodAnxiety,
  author   = {Dale, R. and Sethi, A. and Dale, K.},
  title    = {Mood and Anxiety Symptoms in Persons Taking Prescription Opioids: {A} Systematic Review with Meta-Analyses of Longitudinal Studies},
  journal  = {Pain Medicine},
  year     = {2022},
  volume   = {23},
  number   = {8},
  pages    = {1442--1455},
  doi      = {10.1093/pm/pnac012},
  url      = {https://academic.oup.com/painmedicine/article/23/8/1442/6529021},
  keywords = {pws-google}
}

@online{NewsMedicalMorphineChem,
  title        = {Morphine Chemistry},
  howpublished = {News-Medical.net},
  year         = {2019},
  month        = feb,
  day          = {27},
  url          = {https://www.news-medical.net/health/Morphine-Chemistry.aspx},
  urldate      = {2025-04-22},
  keywords     = {pws-google}
}

@online{IUPHARLigandOxycodone,
  title        = {oxycodone | Ligand page},
  howpublished = {IUPHAR/BPS Guide to PHARMACOLOGY},
  year         = {2024},
  note         = {Accessed on 2025-04-22},
  url          = {https://www.guidetopharmacology.org/GRAC/LigandDisplayForward?ligandId=7093},
  keywords     = {pws-google}
}

@online{EMCDDAFentanylProfile,
  title        = {Fentanyl drug profile},
  author       = {{European Monitoring Centre for Drugs and Drug Addiction (EMCDDA)}},
  year         = {2022},
  url          = {https://www.emcdda.europa.eu/publications/drug-profiles/fentanyl_en},
  urldate      = {2025-04-22},
  organization = {EMCDDA},
  keywords     = {pws-google}
}

@article{Shang2020MolecularBasis,
  author   = {Shang, Yanting and Wang, Chao and Tian, Jingjing and Yang, Fan and Ma, Xiaojing and Wu, Bei and Xu, Yang and Zhang, Yan and Huang, Yihua},
  title    = {Molecular basis of opioid action: from structures to new leads},
  journal  = {Acta Pharmaceutica Sinica B},
  year     = {2020},
  volume   = {10},
  number   = {6},
  pages    = {965--976},
  doi      = {10.1016/j.apsb.2019.12.010},
  url      = {https://www.ncbi.nlm.nih.gov/pmc/articles/PMC7303006/},
  pmcid    = {PMC7303006},
  keywords = {pws-google}
}

@article{GarciaPerez2022M3G,
  author   = {Garc{\'\i}a-P{\'e}rez, David and Mart{\'\i}nez-Navarro, Luis J. and S{\'a}nchez-Bl{\'a}zquez, Pilar and Garz{\'o}n-Ni{\~n}o, Javier and Rodr{\'\i}guez-Mu{\~n}oz, Mar{\'\i}a},
  title    = {Morphine-3-Glucuronide: {A} Review of Its Potential Role in Modulating Opioid Analgesia},
  journal  = {Frontiers in Molecular Neuroscience},
  year     = {2022},
  volume   = {15},
  pages    = {882443},
  doi      = {10.3389/fnmol.2022.882443},
  url      = {https://www.frontiersin.org/articles/10.3389/fnmol.2022.882443/full},
  keywords = {pws-google}
}

@article{Samer2019OxycodonePathway,
  author   = {Samer, Bj{\"o}rn and St{\aa}hle, Mona and {\"O}hman, Iris and Scobie, Michelle},
  title    = {PharmGKB summary: oxycodone pathway, pharmacokinetics},
  journal  = {Pharmacogenetics and Genomics},
  year     = {2019},
  volume   = {29},
  number   = {6},
  pages    = {141--147},
  doi      = {10.1097/FPC.0000000000000372},
  url      = {https://www.ncbi.nlm.nih.gov/pmc/articles/PMC6602093/},
  pmcid    = {PMC6602093},
  keywords = {pws-google}
}

@article{Labroo1997FentanylMetabolism,
  author   = {Labroo, R B and Paine, M F and Thummel, K E and Kharasch, E D},
  title    = {Fentanyl metabolism by human hepatic and intestinal cytochrome P450 3A4: implications for oral and transdermal administration},
  journal  = {Drug Metabolism and Disposition},
  year     = {1997},
  volume   = {25},
  number   = {9},
  pages    = {1072--1080},
  url      = {https://pubmed.ncbi.nlm.nih.gov/9311623/},
  pmid     = {9311623},
  keywords = {pws-google}
}

@online{MayoClinicOxyAcetaminophen,
  title        = {Oxycodone And Acetaminophen (Oral Route)},
  howpublished = {Mayo Clinic},
  year         = {2024},
  month        = feb,
  day          = {1},
  url          = {https://www.mayoclinic.org/drugs-supplements/oxycodone-and-acetaminophen-oral-route/description/drg-20074000},
  urldate      = {2025-04-22},
  keywords     = {pws-google}
}

@article{Richards2022GlobalConsumption,
  author   = {Richards, Natali and Maksym, Tania S and Wentlandt, Kirsten and Husain, Anam and Hunchuck, J. Norman},
  title    = {Global, regional, and national consumption of controlled opioids: a longitudinal study of 214 countries and non-national territories from 2009 to 2019},
  journal  = {The Lancet Global Health},
  year     = {2022},
  volume   = {10},
  number   = {3},
  pages    = {e335--e344},
  doi      = {10.1016/S2214-109X(21)00593-7},
  url      = {https://www.thelancet.com/journals/langlo/article/PIIS2214-109X(21)00593-7/fulltext},
  pmcid    = {PMC8849905},
  keywords = {pws-google}
}

@techreport{UNODC2010WDR,
  author      = {{United Nations Office on Drugs and Crime}},
  title       = {World Drug Report 2010},
  year        = {2010},
  institution = {United Nations},
  address     = {Vienna},
  url         = {https://www.unodc.org/documents/wdr/WDR_2010/World_Drug_Report_2010_lo-res.pdf},
  note        = {Specifically Chapter 2: Drug statistics and Trends, PDF page 39, table 2.2.1},
  keywords    = {pws-google}
}

@article{Berterame2021GlobalConsumptionPresc,
  author   = {Berterame, Stefano and Erthal, Julia and Thomas, Johanna and Fellner, Chris and Vosse, Bjoern and Clare, Pamela and Hao, Wei and Johnson, Paul and Mohar, Ales and Nagy, P{\'e}ter and Neira Palacio, Silvana and Noziglia, Italo and Pastor, Ram{\'o}n and Phillips, Judith and Radbruch, Lukas and Saini, Sangeeta Mangal and Sefarty, Andre},
  title    = {Global consumption of prescription opioid analgesics between 2009-2019: a country-level observational study},
  journal  = {BMC Public Health},
  year     = {2021},
  volume   = {21},
  number   = {1},
  pages    = {2155},
  doi      = {10.1186/s12889-021-12159-6},
  url      = {https://bmcpublichealth.biomedcentral.com/articles/10.1186/s12889-021-12159-6},
  pmcid    = {PMC8599097},
  keywords = {pws-google}
}

@online{INCB2021NewsLessOpioids,
  author       = {{International Narcotics Control Board}},
  title        = {Less opioids, more cannabis used in 2019: {UN}'s drug control body {INCB} releases annual data on global narcotics production, use, trade, and 2021 needs},
  year         = {2021},
  month        = mar,
  day          = {4},
  url          = {https://www.incb.org/incb/en/news/press-releases/2021/less-opioids--more-cannabis-used-in-2019_-uns-drug-control-body-incb-releases-annual-data-on-global-narcotics-production--use--trade--and-2021-needs.html},
  urldate      = {2025-04-22},
  organization = {INCB},
  keywords     = {pws-google}
}

@online{EMCDDA2024HeroinGlobal,
  title        = {{EU} Drug Market: Heroin and other opioids — Global context},
  author       = {{European Monitoring Centre for Drugs and Drug Addiction (EMCDDA) and Europol}},
  year         = {2024},
  url          = {https://www.emcdda.europa.eu/publications/eu-drug-markets/heroin-and-other-opioids/global-context_en},
  urldate      = {2025-04-22},
  organization = {EMCDDA and Europol},
  keywords     = {pws-google}
}

@article{Degenhardt2019GlobalPatterns,
  author   = {Degenhardt, Louisa and Grebely, Jason and Stone, Jack and Hickman, Matthew and Vickerman, Peter and Marshall, Brandon D.L. and Bruneau, Julie and Altice, Frederick L. and Henderson, Graham and Rahimi-Movaghar, Afarin and Larney, Sarah},
  title    = {Global patterns of opioid use and dependence: Population harms, interventions, and future action},
  journal  = {The Lancet},
  year     = {2019},
  volume   = {394},
  number   = {10208},
  pages    = {1560--1579},
  doi      = {10.1016/S0140-6736(19)32229-9},
  url      = {https://www.thelancet.com/journals/lancet/article/PIIS0140-6736(19)32229-9/fulltext},
  pmcid    = {PMC7068135},
  keywords = {pws-google}
}

@techreport{CRS2022OpioidCrisisHistory,
  author   = {{Congressional Research Service}},
  title    = {The Opioid Crisis in the United States: A Brief History},
  year     = {2022},
  month    = jun,
  day      = {21},
  number   = {IF10413},
  type     = {CRS In Focus},
  url      = {https://crsreports.congress.gov/product/pdf/IF/IF10413},
  keywords = {pws-google}
}

@online{UCLNews2022GlobalDisparities,
  title        = {Global disparities persist in opioid painkiller access},
  author       = {{UCL News}},
  year         = {2022},
  month        = mar,
  day          = {2},
  url          = {https://www.ucl.ac.uk/news/2022/mar/global-disparities-persist-opioid-painkiller-access},
  urldate      = {2025-04-22},
  organization = {University College London},
  keywords     = {pws-google}
}

@online{INCB2024Report,
  author       = {{International Narcotics Control Board}},
  title        = {{INCB} Narcotic Drugs 2023 report notes downward trend in fentanyl and cannabis, inequalities in global access to pain medication},
  year         = {2024},
  month        = mar,
  day          = {7},
  url          = {https://www.incb.org/incb/en/news/press-releases/2024/incb-narcotic-drugs-2023-report-notes-downward-trend-in-fentanyl-and-cannabis--inequalities-in-global-access-to-pain-medication.html},
  urldate      = {2025-04-22},
  organization = {INCB},
  keywords     = {pws-google}
}

@online{Brookings2017EconomicImpact,
  author       = {{Council of Economic Advisers}},
  title        = {The underestimated cost of the opioid crisis},
  year         = {2017},
  month        = nov,
  howpublished = {The Hamilton Project, Brookings Institution},
  url          = {https://www.brookings.edu/research/the-underestimated-cost-of-the-opioid-crisis/},
  urldate      = {2025-04-22},
  keywords     = {pws-google}
}

@book{Macy2018Dopesick,
  author    = {Macy, Beth},
  title     = {Dopesick: Dealers, Doctors, and the Drug Company that Addicted America},
  publisher = {Little, Brown and Company},
  year      = {2018},
  isbn      = {978-0316551243},
  keywords  = {pws-google}
}

@misc{WikipediaDopesickMiniseries,
  editor       = {{Wikipedia contributors}},
  title        = {Dopesick (miniseries)},
  howpublished = {Wikipedia, The Free Encyclopedia},
  year         = {2024},
  month        = apr,
  url          = {https://en.wikipedia.org/wiki/Dopesick_(miniseries)},
  urldate      = {2025-04-22},
  keywords     = {pws-google}
}

@online{IMDbDopesick,
  title        = {Dopesick (TV Mini Series 2021)},
  howpublished = {IMDb.com},
  year         = {2021},
  url          = {https://www.imdb.com/title/tt9174558/},
  urldate      = {2025-04-22},
  keywords     = {pws-google}
}

@online{AvenuesRecoveryDopesickTrue,
  title    = {Is Dopesick a True Story? The Truth Behind the Miniseries},
  author   = {{Avenues Recovery}},
  year     = {2024},
  url      = {https://www.avenuesrecovery.com/is-dopesick-a-true-story/},
  urldate  = {2025-04-22},
  keywords = {pws-google}
}

@misc{WikipediaRichardSackler,
  editor       = {{Wikipedia contributors}},
  title        = {Richard Sackler},
  howpublished = {Wikipedia, The Free Encyclopedia},
  year         = {2024},
  month        = apr,
  url          = {https://en.wikipedia.org/wiki/Richard_Sackler},
  urldate      = {2025-04-22},
  keywords     = {pws-google}
}

@online{RGRDLawComplexTruth,
  title    = {Viewpoint: The Complex Truth of the Opioid Epidemic – What the Hulu Limited Series \enquote{Dopesick} Gets Wrong},
  author   = {{Robbins Geller Rudman \& Dowd LLP}},
  year     = {2021},
  month    = nov,
  day      = {10},
  url      = {https://www.rgrdlaw.com/news-item-Viewpoint-the-Complex-Truth-of-the-Opioid-Epidemic.html},
  urldate  = {2025-04-22},
  keywords = {pws-google}
}

@online{JudgeForYourselvesDopesickFiction,
  title    = {Hulu’s \enquote{Dopesick} is Fiction},
  author   = {{Judge For Yourselves}},
  year     = {2021},
  url      = {https://www.judgeforyourselves.info/key-points/hulus-dopesick-is-fiction/},
  urldate  = {2025-04-22},
  note     = {This source appears affiliated with Sackler defense efforts.},
  keywords = {pws-google}
}

@online{ScreenrantPainkillerVsDopesick,
  author       = {Okoye, Kanayo},
  title        = {Painkiller vs. Dopesick: Which {TV} Show Is More Accurate About The Opioid Crisis},
  year         = {2023},
  month        = aug,
  day          = {15},
  url          = {https://screenrant.com/painkiller-dopesick-accuracy-comparison/},
  urldate      = {2025-04-22},
  organization = {Screen Rant},
  keywords     = {pws-google}
}

@online{CDCPDMPs,
  author       = {{Centers for Disease Control and Prevention}},
  title        = {Prescription Drug Monitoring Programs ({PDMPs})},
  year         = {2024},
  month        = jan,
  day          = {22},
  url          = {https://www.cdc.gov/drugoverdose/pdmp/index.html},
  urldate      = {2025-04-22},
  organization = {CDC},
  keywords     = {pws-google}
}

@online{MedlinePlusNonDrugPain,
  title        = {Non-Drug Pain Management},
  howpublished = {MedlinePlus},
  year         = {2024},
  month        = mar,
  day          = {11},
  url          = {https://medlineplus.gov/nondrugpainmanagement.html},
  urldate      = {2025-04-22},
  organization = {U.S. National Library of Medicine},
  keywords     = {pws-google}
}

@article{GrahamCenter2024OpioidDecrease,
  author       = {{The Graham Center}},
  title        = {Opioid Prescribing Has Significantly Decreased in Primary Care},
  journal      = {AFP Community Blog. American Family Physician},
  year         = {2024},
  month        = jan,
  day          = {1},
  url          = {https://www.aafp.org/pubs/afp/afp-community-blog/entry/opioid-prescribing-has-significantly-decreased-in-primary-care.html},
  urldate      = {2025-04-22},
  organization = {American Academy of Family Physicians},
  keywords     = {pws-google}
}

@article{Norman2022GPAttitudes,
  author   = {Norman, Ida J. and Mulvale, Gillian and Abidi, Samina R. and Ashcroft, Darren M. and Brown, Benjamin and Gabbay, Mark and Dowrick, Christopher and Mamluk, Laila and van Marwijk, Harm and Williams, Nicola H. and Siriwardena, A. Niroshan},
  title    = {General practitioners' attitudes towards opioids for non-cancer pain and their role in opioid stewardship: a qualitative study in the {UK}},
  journal  = {BMJ Open},
  year     = {2022},
  volume   = {12},
  number   = {2},
  pages    = {e054945},
  doi      = {10.1136/bmjopen-2021-054945},
  url      = {https://bmjopen.bmj.com/content/12/2/e054945},
  keywords = {pws-google}
}

@online{FCCConnect2HealthOpioids,
  title        = {Connect2Health: Focus on Opioids},
  author       = {{Federal Communications Commission}},
  year         = {2024},
  url          = {https://www.fcc.gov/health/opioids},
  urldate      = {2025-04-22},
  organization = {FCC},
  keywords     = {pws-x}
}

@online{CDC2024WISQARSOverdose,
  title        = {Drug Overdose Death Counts},
  author       = {{Centers for Disease Control and Prevention, National Center for Health Statistics}},
  year         = {2024},
  howpublished = {National Center for Health Statistics, National Vital Statistics System, Mortality Data on CDC WONDER Online Database. Provisional data also available from WISQARS.},
  url          = {https://www.cdc.gov/nchs/nvss/drug-overdose-death-data.htm},
  urldate      = {2025-04-22},
  organization = {CDC},
  keywords     = {pws-x}
}

@article{Volkow2021ChangingOpioidCrisis,
  author  = {Volkow, Nora D. and Blanco, Carlos},
  title   = {The changing opioid crisis: development, challenges and opportunities},
  journal = {Molecular Psychiatry},
  year    = {2021},
  volume  = {26},
  pages   = {218--233},
  doi     = {10.1038/s41380-020-0661-4},
  url     = {https://www.nature.com/articles/s41380-020-0661-4},
  pmcid   = {PMC7398847}
}

@article{Maclean2020EconomicStudiesOpioid,
  author = {Maclean, Johanna Catherine and Mallatt, Justine and Ruhm, Christopher J. and Simon, Kosali},
  title  = {Economic studies on the opioid crisis: A review},
  year   = {2020},
  month  = nov,
  type   = {NBER Working Paper},
  number = {28067},
  url    = {https://www.nber.org/papers/w28067},
  note   = {Revised May 2021}
}

@article{Weiner2017OpioidCrisisConsequences,
  author  = {Weiner, Scott G. and Malek, S. K. and Price, C. N.},
  title   = {The opioid crisis and its consequences},
  journal = {Transplantation},
  year    = {2017},
  volume  = {101},
  number  = {4S_Suppl_1},
  pages   = {S1--S2},
  doi     = {10.1097/TP.0000000000001753},
  url     = {https://journals.lww.com/transplantjournal/fulltext/2017/04000/The_Opioid_Crisis_and_Its_Consequences.4.aspx}
}

@article{Compton2021Polysubstance,
  author  = {Compton, Wilson M. and Valentino, Rita J. and DuPont, Robert L.},
  title   = {Polysubstance use in the {U.S.} opioid crisis},
  journal = {Molecular Psychiatry},
  year    = {2021},
  volume  = {26},
  number  = {1},
  pages   = {41--50},
  doi     = {10.1038/s41380-020-00949-3},
  url     = {https://www.nature.com/articles/s41380-020-00949-3},
  pmcid   = {PMC7661013}
}

@misc{Yarosh2020ComputationalSupportSUD,
  author        = {Yarosh, Lana and Bakken, Suzanne and Borning, Alan and De Choudhury, Munmun and Lampe, Cliff and Mynatt, Elizabeth and Schueller, Stephen and Veinot, Tiffany},
  title         = {Computational Support for Substance Use Disorder Prevention, Detection, Treatment, and Recovery},
  year          = {2020},
  month         = jun,
  howpublished  = {Computing Community Consortium (CCC) Workshop Report. arXiv:2006.13259},
  url           = {http://arxiv.org/abs/2006.13259v1},
  eprint        = {2006.13259},
  archiveprefix = {arXiv}
}

@inproceedings{Balsamo2019FirsthandOpiates,
  author    = {Balsamo, Duilio and Bajardi, Paolo and Panisson, Andr{\'e}},
  title     = {Firsthand Opiates Abuse on Social Media: Monitoring Geospatial Patterns of Interest Through a Digital Cohort},
  booktitle = {Proceedings of the 2019 World Wide Web Conference (WWW '19)},
  year      = {2019},
  pages     = {2572--2579},
  doi       = {10.1145/3308558.3313634},
  url       = {http://arxiv.org/abs/1904.00003v1}
}

@misc{Lu2019RedditorsInRecovery,
  author        = {Lu, John and Sridhar, Sumati and Pandey, Ritika and Al Hasan, Mohammad and Mohler, George},
  title         = {Redditors in Recovery: Text Mining Reddit to Investigate Transitions into Drug Addiction},
  year          = {2019},
  month         = mar,
  howpublished  = {arXiv preprint arXiv:1903.04081},
  url           = {http://arxiv.org/abs/1903.04081v1},
  eprint        = {1903.04081},
  archiveprefix = {arXiv}
}

@misc{WangT2019UnifiedBlockchainML,
  author        = {Wang, Tao},
  title         = {A Unified Analytical Framework for Trustable Machine Learning and Automation Running with Blockchain},
  year          = {2019},
  month         = mar,
  howpublished  = {arXiv preprint arXiv:1903.08801. Paper presented at IEEE ICDCS 2018},
  url           = {http://arxiv.org/abs/1903.08801v1},
  eprint        = {1903.08801},
  archiveprefix = {arXiv}
}

@inproceedings{Fouladvand2021MUPOD,
  author        = {Fouladvand, Sajjad and Talbert, Jeffery and Dwoskin, Linda P. and Bush, Heather and Meadows, Amy Lynn and Peterson, Lars E. and Roggenkamp, Steve K. and Kavuluru, Ramakanth and Chen, Jin},
  title         = {Identifying Opioid Use Disorder from Longitudinal Healthcare Data using a Multi-stream Transformer},
  year          = {2021},
  month         = mar,
  booktitle     = {AMIA Annual Symposium Proceedings (AMIA 2021)},
  note          = {Accepted for oral presentation Nov 1, 2021. arXiv:2103.08800},
  url           = {http://arxiv.org/abs/2103.08800v2},
  eprint        = {2103.08800},
  archiveprefix = {arXiv}
}

@article{Fang2020DrugDisseminationSEIR,
  author        = {Fang, Boyue and Feng, Yutong},
  title         = {Drug dissemination strategy with an {SEIR}-based {SUC} model},
  journal       = {arXiv preprint arXiv:1912.00053},
  year          = {2019},
  month         = nov,
  note          = {Version 2 dated Jan 2020},
  url           = {http://arxiv.org/abs/1912.00053v2},
  eprint        = {1912.00053},
  archiveprefix = {arXiv}
}

@article{Mahipal2022EstimatingCausalEffectEHR,
  author        = {Mahipal, Vaishali and Alam, Mohammad Arif Ul},
  title         = {Estimating Heterogeneous Causal Effect of Polysubstance Usage on Drug Overdose from Large-Scale Electronic Health Record},
  journal       = {arXiv preprint arXiv:2105.07224},
  year          = {2021},
  month         = may,
  note          = {Version 2 dated Apr 2022},
  url           = {http://arxiv.org/abs/2105.07224v2},
  eprint        = {2105.07224},
  archiveprefix = {arXiv}
}

@misc{YangT2025OptimizingFeatureSelectionCausal,
  author        = {Yang, Tianyu and Alam, Md. Noor-E},
  title         = {Optimizing Feature Selection in Causal Inference: A Three-Stage Computational Framework for Unbiased Estimation},
  year          = {2025},
  month         = feb,
  howpublished  = {arXiv preprint arXiv:2502.00501},
  url           = {http://arxiv.org/abs/2502.00501v1},
  eprint        = {2502.00501},
  archiveprefix = {arXiv}
}

@article{LiuX2020PointProcessOverdose,
  author        = {Liu, Xueying and Carter, Jeremy and Ray, Brad and Mohler, George},
  title         = {Point Process Modeling of Drug Overdoses with Heterogeneous and Missing Data},
  journal       = {Annals of Applied Statistics},
  year          = {2020},
  month         = oct,
  note          = {arXiv preprint arXiv:2010.06080},
  url           = {http://arxiv.org/abs/2010.06080v1},
  eprint        = {2010.06080},
  archiveprefix = {arXiv}
}

@article{WangY2018StructuredActorCritic,
  author        = {Wang, Yijia and Jiang, Daniel R.},
  title         = {Structured Actor-Critic for Managing Public Health Points-of-Dispensing},
  journal       = {arXiv preprint arXiv:1806.02490},
  year          = {2018},
  month         = jun,
  url           = {http://arxiv.org/abs/1806.02490v3},
  eprint        = {1806.02490},
  archiveprefix = {arXiv}
}

@article{Pouromran2023AutomaticPainBVP,
  author  = {Pouromran, Fatemeh and Lin, Yingzi and Kamarthi, Sagar},
  title   = {Automatic pain recognition from Blood Volume Pulse ({BVP}) signal using machine learning techniques},
  journal = {PLoS One},
  year    = {2023},
  month   = mar,
  volume  = {18},
  number  = {3},
  pages   = {e0283281},
  doi     = {10.1371/journal.pone.0283281},
  note    = {arXiv version: arXiv:2303.10607},
  url     = {https://journals.plos.org/plosone/article?id=10.1371/journal.pone.0283281}
}

@article{Mendu2023DesigningVoiceMBSR,
  author        = {Mendu, Sanjana and Doyle Fosco, Sebrina L. and Lanza, Stephanie T. and Abdullah, Saeed},
  title         = {Designing Voice Interfaces to Support Mindfulness-Based Pain Management},
  journal       = {Digital Health},
  year          = {2023},
  month         = sep,
  note          = {arXiv preprint arXiv:2309.06697},
  url           = {http://arxiv.org/abs/2309.06697v1},
  eprint        = {2309.06697},
  archiveprefix = {arXiv}
}

@article{Du2023MultiscaleTopologyAntiaddiction,
  author        = {Du, Hongyan and Wei, Guo-Wei and Hou, Tingjun},
  title         = {Multiscale Topology in Interactomic Network: From Transcriptome to Antiaddiction Drug Repurposing},
  journal       = {arXiv preprint arXiv:2312.01272},
  year          = {2023},
  month         = dec,
  url           = {http://arxiv.org/abs/2312.01272v1},
  eprint        = {2312.01272},
  archiveprefix = {arXiv}
}

@article{Riley2008OxycodoneReview,
  author  = {Riley, Julia and Eisenberg, Elon and M{\"u}ller-Schwefe, Gerhard and Drewes, Asbj{\o}rn M. and Arendt-Nielsen, Lars},
  title   = {Oxycodone: a review of its use in the management of pain},
  journal = {Current Medical Research and Opinion},
  year    = {2008},
  volume  = {24},
  number  = {1},
  pages   = {175--192},
  doi     = {10.1185/030079908X253708},
  url     = {https://www.tandfonline.com/doi/abs/10.1185/030079908X253708}
}

@article{Kinnunen2019UpdatedOxycodonePKPD,
  author  = {Kinnunen, M. and Piirainen, P. and Kokki, H. and Lammi, P. and Pelkonen, O. and Laine, K. and Ojanper{\"a}, I. and Kokki, M.},
  title   = {Updated clinical pharmacokinetics and pharmacodynamics of oxycodone},
  journal = {Clinical Pharmacokinetics},
  year    = {2019},
  volume  = {58},
  number  = {1},
  pages   = {79--98},
  doi     = {10.1007/s40262-018-00731-3},
  url     = {https://link.springer.com/article/10.1007/s40262-018-00731-3}
}

@article{Kenan2012TrendsOxycodone,
  author  = {Kenan, K. and Mack, K. and Paulozzi, L.},
  title   = {Trends in prescriptions for oxycodone and other commonly used opioids in the {United States}, 2000–2010},
  journal = {Open medicine},
  year    = {2012},
  volume  = {6},
  number  = {2},
  pages   = {e41--e47},
  url     = {https://www.ncbi.nlm.nih.gov/pmc/articles/PMC3659213/},
  pmcid   = {PMC3659213}
}

@article{SchmidtHansen2022OxycodoneCancerPain,
  author    = {Schmidt-Hansen, M. and Bennett, M. I. and Arnold, S. and Bromham, N. and Hilgart, J. S.},
  title     = {Oxycodone for cancer-related pain},
  journal   = {Cochrane Database of Systematic Reviews},
  year      = {2022},
  number    = {2},
  articleno = {CD003870},
  doi       = {10.1002/14651858.CD003870.pub7},
  url       = {https://www.cochranelibrary.com/cdsr/doi/10.1002/14651858.CD003870.pub7/abstract}
}

@article{Kamdar2019ODKG,
  author        = {Kamdar, Maulik R. and Hamamsy, Tymor and Shelton, Shea and Vala, Ayin and Eftimov, Tome and Zou, James and Tamang, Suzanne},
  title         = {A Knowledge Graph-based Approach for Exploring the {U.S.} Opioid Epidemic},
  year          = {2019},
  month         = may,
  howpublished  = {Presented at the ICLR AI for social good workshop 2019. arXiv:1905.11513},
  url           = {http://arxiv.org/abs/1905.11513v1},
  eprint        = {1905.11513},
  archiveprefix = {arXiv}
}

@article{Guth2022GeographicSpilloverPDMP,
  author  = {Guth, Daniel and Zhang, Shiyu},
  title   = {Geographic Spillover Effects of Prescription Drug Monitoring Programs ({PDMPs})},
  journal = {Journal of Health Economics},
  year    = {2022},
  volume  = {86},
  pages   = {102690},
  doi     = {10.1016/j.jhealeco.2022.102690},
  note    = {arXiv version: arXiv:2107.04925},
  url     = {https://www.sciencedirect.com/science/article/abs/pii/S016762962200128X}
}

@article{Deng2020TowardsBetterOpioidAntagonistsRL,
  author  = {Deng, Jianyuan and Yang, Zhibo and Li, Yao and Samaras, Dimitris and Wang, Fusheng},
  title   = {Towards Better Opioid Antagonists Using Deep Reinforcement Learning},
  journal = {AMIA Annu Symp Proc.},
  year    = {2020},
  month   = mar,
  volume  = {2020},
  pages   = {375--384},
  pmcid   = {PMC7883373},
  note    = {arXiv version: arXiv:2004.04768},
  url     = {https://www.ncbi.nlm.nih.gov/pmc/articles/PMC7883373/}
}

@article{Dong2020IdentifyingOUDRiskDeepLearning,
  author  = {Dong, Xinyu and Deng, Jianyuan and Rashidian, Sina and Abell-Hart, Kayley and Hou, Wei and Rosenthal, Richard N and Saltz, Mary and Saltz, Joel and Wang, Fusheng},
  title   = {Identifying Risk of Opioid Use Disorder for Patients Taking Opioid Medications with Deep Learning},
  journal = {AMIA Annu Symp Proc.},
  year    = {2020},
  volume  = {2019},
  pages   = {1070--1078},
  pmcid   = {PMC7153035},
  note    = {arXiv version: arXiv:2010.04589},
  url     = {https://www.ncbi.nlm.nih.gov/pmc/articles/PMC7153035/}
}

@article{Balsamo2021PatternsROAOpioidReddit,
  author        = {Balsamo, Duilio and Bajardi, Paolo and Salomone, Alberto and Schifanella, Rossano},
  title         = {Patterns of Routes of Administration and Drug Tampering for Nonmedical Opioid Consumption: Data Mining and Content Analysis of Reddit Discussions},
  journal       = {Journal of Medical Internet Research},
  year          = {2021},
  volume        = {23},
  number        = {1},
  pages         = {e21212},
  doi           = {10.2196/21212},
  url           = {https://www.jmir.org/2021/1/e21212/},
  eprint        = {2102.11235},
  archiveprefix = {arXiv}
}

@article{SunY2022IndividualizedRiskOpioidINNER,
  author  = {Sun, Yuming and Kang, Jian and Brummett, Chad M. and Li, Yi},
  title   = {Individualized Risk Assessment of Preoperative Opioid Use by Interpretable Neural Network Regression},
  journal = {Biometrics},
  year    = {2023},
  doi     = {10.1111/biom.13830},
  note    = {arXiv version: arXiv:2205.08370},
  url     = {https://onlinelibrary.wiley.com/doi/full/10.1111/biom.13830}
}

@inproceedings{ChenX2017LargeScaleOpioidSPARCS,
  author    = {Chen, Xin and Wang, Yu and Yu, Xiaxia and Schoenfeld, Elinor and Saltz, Mary and Saltz, Joel and Wang, Fusheng},
  title     = {Large-scale Analysis of Opioid Poisoning Related Hospital Visits in New York State},
  booktitle = {AMIA Annual Symposium Proceedings},
  year      = {2017},
  volume    = {2017},
  pages     = {519--528},
  url       = {https://www.ncbi.nlm.nih.gov/pmc/articles/PMC5977644/},
  pmcid     = {PMC5977644},
  note      = {arXiv version: arXiv:1711.05779}
}

@article{WangY2024DetectionOpioidUsersRedditAttBLSTM,
  author        = {Wang, Yuchen and Fang, Zhengyu and Du, Wei and Xu, Shuai and Xu, Rong and Li, Jing},
  title         = {Detection of Opioid Users from Reddit Posts via an Attention-based Bidirectional Recurrent Neural Network},
  journal       = {arXiv preprint arXiv:2403.15393},
  year          = {2024},
  month         = mar,
  url           = {http://arxiv.org/abs/2403.15393v1},
  eprint        = {2403.15393},
  archiveprefix = {arXiv}
}

@article{Deas2025InvestigatingSocialVulnerabilityOpioid,
  author        = {Deas, Andrew J. and Spannaus, Adam and Maguire, Dakotah D. and Trafton, Jodie and Kapadia, Anuj J. and Maroulas, Vasileios},
  title         = {Investigating the importance of social vulnerability in opioid-related mortality across the {United States}},
  journal       = {arXiv preprint arXiv:2412.15218},
  year          = {2024},
  month         = dec,
  note          = {Version 2 dated Feb 2025},
  url           = {http://arxiv.org/abs/2412.15218v2},
  eprint        = {2412.15218},
  archiveprefix = {arXiv}
}

@article{Hasan2022OptimizingReturnDisposalOpioids,
  author        = {Hasan, Md Mahmudul and Ibn Faiz, Tasnim and Modestino, Alicia Sasser and Young, Gary J. and Alam, Md. Noor-E-},
  title         = {Optimizing Return and Secure Disposal of Prescription Opioids to Reduce the Diversion to Secondary Users and Black Market},
  journal       = {arXiv preprint arXiv:2205.12322},
  year          = {2022},
  month         = may,
  url           = {http://arxiv.org/abs/2205.12322v2},
  eprint        = {2205.12322},
  archiveprefix = {arXiv}
}

@article{Workman2024ComparisonVeteransNLPvsICD,
  author  = {Workman, T. Elizabeth and Kupersmith, Joel and Ma, Phillip and Spevak, Christopher and Sandbrink, Friedhelm and Cheng, Yan and Zeng-Treitler, Qing},
  title   = {A Comparison of Veterans with Problematic Opioid Use Identified through Natural Language Processing of Clinical Notes versus Using Diagnostic Codes},
  journal = {Journal of the American Medical Informatics Association},
  year    = {2024},
  month   = apr,
  doi     = {10.1093/jamia/ocae068},
  note    = {arXiv version: arXiv:2401.12996},
  url     = {https://academic.oup.com/jamia/advance-article/doi/10.1093/jamia/ocae068/7653189}
}

@article{Deas2025IdentifyingSpatiotemporalOpioidVulnerability,
  author        = {Deas, Andrew J. and Spannaus, Adam T. and Fernando, Hashan and Hanson, Heidi A. and Kapadia, Anuj J. and Trafton, Jodie and Maroulas, Vasileios},
  title         = {Identifying Spatiotemporal Patterns in Opioid Vulnerability: Investigating the Links Between Disability, Prescription Opioids and Opioid-Related Mortality},
  journal       = {BMC Public Health},
  year          = {2025},
  month         = may,
  note          = {arXiv version: arXiv:2407.07008},
  url           = {http://arxiv.org/abs/2407.07008v3},
  eprint        = {2407.07008},
  archiveprefix = {arXiv}
}

@inproceedings{Sankaran2016OpioidAtlas,
  author        = {Sankaran, Kris and Tamang, Suzanne and Bhatt, Ami S.},
  title         = {Opioid Atlas: Mapping Access to Pain Medication},
  booktitle     = {NIPS 2016 Workshop on Machine Learning for Health (ML4H)},
  year          = {2016},
  month         = dec,
  url           = {http://arxiv.org/abs/1612.00497v1},
  eprint        = {1612.00497},
  archiveprefix = {arXiv}
}

@inproceedings{YangZ2019DiscoveringOpioidPatternsSocialMedia,
  author    = {Yang, Zhou and Bradshaw, Spencer and Hewett, Rattikorn and Jin, Fang},
  title     = {Discovering Opioid Use Patterns from Social Media for Relapse Prevention},
  booktitle = {2019 IEEE/ACM International Conference on Advances in Social Networks Analysis and Mining (ASONAM)},
  year      = {2019},
  month     = aug,
  pages     = {642--649},
  doi       = {10.1145/3341161.3342928},
  note      = {arXiv version: arXiv:1912.01122},
  url       = {https://dl.acm.org/doi/10.1145/3341161.3342928}
}

@article{FengH2023MLOpioidInteractome,
  author    = {Feng, Hongsong and Elladki, Rana and Jiang, Jian and Wei, Guo-Wei},
  title     = {Machine-learning Analysis of Opioid Use Disorder Informed by {MOR, DOR, KOR, NOR} and {ZOR}-Based Interactome Networks},
  journal   = {Nature Communications},
  year      = {2023},
  volume    = {14},
  articleno = {3160},
  doi       = {10.1038/s41467-023-38718-1},
  note      = {arXiv version: arXiv:2301.04815},
  url       = {https://www.nature.com/articles/s41467-023-38718-1}
}

@article{Peterkin2025HiddenTollCOVIDOpioidGA,
  author        = {Peterkin, Cyen J. and Waller, Lance A. and Peterson, Emily N.},
  title         = {The Hidden Toll of {COVID-19} on Opioid Mortality in Georgia: A Bayesian Excess Opioid Mortality Analysis},
  journal       = {arXiv preprint arXiv:2503.07918},
  year          = {2025},
  month         = mar,
  url           = {http://arxiv.org/abs/2503.07918v2},
  eprint        = {2503.07918},
  archiveprefix = {arXiv}
}

@article{Kwon2023ODDDatasetORAB,
  author    = {Kwon, Sunjae and Wang, Xun and Liu, Weisong and Druhl, Emily and Sung, Minhee L. and Reisman, Joel I. and Li, Wenjun and Kerns, Robert D. and Becker, William C. and Yu, Hong},
  title     = {{ODD}: A Benchmark Dataset for the Natural Language Processing based Opioid Related Aberrant Behavior Detection},
  journal   = {Scientific Data},
  year      = {2024},
  volume    = {11},
  articleno = {373},
  doi       = {10.1038/s41597-024-03199-5},
  note      = {arXiv version: arXiv:2311.09066},
  url       = {https://www.nature.com/articles/s41597-024-03199-5}
}

@article{Lerner2014ScalableNanosensorsGrapheneGPCR,
  author  = {Lerner, Mitchell B. and Matsunaga, Felipe and Han, Gang Hee and Hong, Sung Ju and Xi, Jin and Crook, Alexander and Perez-Aguilar, Jose Manuel and Park, Yung Woo and Saven, Jeffery G. and Liu, Renyu and Johnson, A. T. Charlie},
  title   = {Scalable Production of Highly-Sensitive Nanosensors Based on Graphene Functionalized with a Designed {G} Protein-Coupled Receptor},
  journal = {Nano Letters},
  year    = {2014},
  month   = apr,
  volume  = {14},
  number  = {5},
  pages   = {2709--2714},
  doi     = {10.1021/nl500511d},
  note    = {arXiv version: arXiv:1405.3244},
  url     = {https://pubs.acs.org/doi/10.1021/nl500511d}
}

@inproceedings{LopezMartinez2019DeepRLPainManagementMorphine,
  author    = {Lopez-Martinez, Daniel and Eschenfeldt, Patrick and Ostvar, Sassan and Ingram, Myles and Hur, Chin and Picard, Rosalind W.},
  title     = {Deep Reinforcement Learning for Optimal Critical Care Pain Management with Morphine using Dueling Double-Deep {Q} Networks},
  booktitle = {Proceedings of the Machine Learning for Health (ML4H) Workshop at NeurIPS 2018},
  series    = {Proceedings of Machine Learning Research},
  volume    = {106},
  pages     = {283--296},
  year      = {2019},
  month     = aug,
  editor    = {Subbaswamy, Adarsh and Saria, Suchi and Goldenberg, Anna and Stewart, Randall and Liu, Yinyin and Futoma, Joseph and Dligach, Dmitriy and Fiterau, Madalina and MedSAME, Workshop on},
  url       = {https://proceedings.mlr.press/v106/lopez-martinez19a.html},
  note      = {arXiv version: arXiv:1904.11115}
}

@article{Haunschild2021InvestigatingDisseminationTwitterOpioid,
  author  = {Haunschild, Robin and Bornmann, Lutz and Potnis, Devendra and Tahamtan, Iman},
  title   = {Investigating Dissemination of Scientific Information on Twitter: A Study of Topic Networks in Opioid Publications},
  journal = {Journal of the Association for Information Science and Technology},
  year    = {2021},
  month   = may,
  volume  = {72},
  number  = {11},
  pages   = {1399--1413},
  doi     = {10.1002/asi.24501},
  note    = {arXiv version: arXiv:2101.11483},
  url     = {https://asistdl.onlinelibrary.wiley.com/doi/abs/10.1002/asi.24501}
}

@inproceedings{Kilby2021LocationInferenceOpioidCOVID,
  author        = {Kilby, Angela E. and Denhart, Charlie},
  title         = {Location inference on social media data for agile monitoring of public health crises: An application to opioid use and abuse during the {Covid-19} pandemic},
  booktitle     = {Proceedings of the CIKM 2021 Workshops (CIKM '21)},
  year          = {2021},
  month         = nov,
  note          = {arXiv version: arXiv:2111.01778},
  url           = {http://arxiv.org/abs/2111.01778v1},
  eprint        = {2111.01778},
  archiveprefix = {arXiv}
}

@article{SahebiFakhrabad2023ImpactOpioidLimitsSC,
  author  = {Sahebi Fakhrabad, Amirreza and Sadeghi, Amir Hossein and Kemahlioglu-Ziya, Eda and Handfield, Robert B. and Tohidi, Hossein and Vasheghani Farahani, Iman},
  title   = {The Impact of Opioid Prescribing Limits on Drug Usage in South Carolina: A Novel Geospatial and Time Series Data Analysis},
  journal = {Drug and Alcohol Dependence},
  year    = {2023},
  month   = apr,
  volume  = {245},
  pages   = {109815},
  doi     = {10.1016/j.drugalcdep.2023.109815},
  note    = {arXiv version: arXiv:2301.08878},
  url     = {https://www.sciencedirect.com/science/article/abs/pii/S037687162300066X}
}

@inproceedings{YangC2023IdentifyingSelfDisclosuresOpioidReddit,
  author    = {Yang, Chenghao and Chakrabarty, Tuhin and Hochstatter, Karli R. and Slavin, Melissa N. and El-Bassel, Nabila and Muresan, Smaranda},
  title     = {Identifying Self-Disclosures of Use, Misuse and Addiction in Community-based Social Media Posts},
  booktitle = {Proceedings of the 2023 Conference on Empirical Methods in Natural Language Processing (EMNLP)},
  year      = {2023},
  month     = dec,
  pages     = {1477--1494},
  doi       = {10.18653/v1/2023.emnlp-main.89},
  note      = {arXiv version: arXiv:2311.09066},
  url       = {https://aclanthology.org/2023.emnlp-main.89/}
}

@article{Peterson2023BayesianSpatialBerksonOpioid,
  author  = {Peterson, Emily N. and Nethery, Rachel C. and Chen, Jarvis T. and Tabb, Loni P. and Coull, Brent A. and Piel, Frederic B. and Waller, Lance A.},
  title   = {A Bayesian Spatial Berkson error approach to estimate small area opioid mortality rates accounting for population-at-risk uncertainty},
  journal = {Statistics in Medicine},
  year    = {2024},
  month   = mar,
  doi     = {10.1002/sim.9999},
  note    = {arXiv version: arXiv:2312.13331. Check for actual publication details.},
  url     = {https://onlinelibrary.wiley.com/journal/10970258}
}

@article{Antonelli2024AutoregressivePanelOpioidPolicies,
  author        = {Antonelli, Joseph and Rubinstein, Max and Agniel, Denis and Smart, Rosanna and Stuart, Elizabeth A. and Cefalu, Matthew and Schell, Terry L. and Eagan, Joshua and Stone, Elizabeth M. and Griswold, Max and Sorbero, Mark J. and Griffin, Beth Ann},
  title         = {Autoregressive models for panel data causal inference with application to state-level opioid policies},
  journal       = {arXiv preprint arXiv:2408.09012},
  year          = {2024},
  month         = aug,
  url           = {http://arxiv.org/abs/2408.09012v1},
  eprint        = {2408.09012},
  archiveprefix = {arXiv}
}

@article{Goyal2023PredictingOpioidOutcomesMinoritized,
  author        = {Goyal, Abhay and Parekh, Nimay and Cheung, Lam Yin and Saha, Koustuv and Altice, Frederick L and O'Hanlon, Robin and Man, Roger Ho Chun and Poellabauer, Christian and Guarino, Honoria and Mateu Gelabert, Pedro and Kumar, Navin},
  title         = {Predicting Opioid Use Outcomes in Minoritized Communities},
  journal       = {arXiv preprint arXiv:2307.03083},
  year          = {2023},
  month         = jul,
  url           = {http://arxiv.org/abs/2307.03083v1},
  eprint        = {2307.03083},
  archiveprefix = {arXiv}
}

@article{Tarnow2016OpiumPoorMedicare,
  author        = {Tarnow, Eugen},
  title         = {The Opium for the Poor Is Opium. Medicare Providers in States with Low Income Prescribe High Levels of Opiates},
  journal       = {arXiv preprint arXiv:1608.02428},
  year          = {2016},
  month         = aug,
  url           = {http://arxiv.org/abs/1608.02428v3},
  eprint        = {1608.02428},
  archiveprefix = {arXiv}
}

@inproceedings{Gavali2021UnderstandingFactorsOpioidML,
  author    = {Gavali, Sachin and Peng, Xi and Chen, Chuming and Ding, Shanshan and Cowart, Julie and Wu, Cathy and Anderson, Tammy},
  title     = {Understanding the factors driving the opioid epidemic using machine learning},
  booktitle = {2021 IEEE International Conference on Big Data (Big Data)},
  year      = {2021},
  month     = dec,
  pages     = {3045--3050},
  doi       = {10.1109/BigData52589.2021.9671947},
  note      = {arXiv version: arXiv:2108.07301},
  url       = {https://ieeexplore.ieee.org/document/9671947}
}

@misc{Aguado2020OpioidsCancerKnowledgeMapping,
  author        = {Aguado, Cesar and Silva, J. Arturo and Casta{\~n}o, Victor M.},
  title         = {Opioids for pain treatment of Cancer: a knowledge maturity mapping},
  year          = {2020},
  month         = mar,
  howpublished  = {arXiv preprint arXiv:2003.12830},
  url           = {http://arxiv.org/abs/2003.12830v1},
  eprint        = {2003.12830},
  archiveprefix = {arXiv}
}

@inproceedings{Basu2018InsightsStatisticalOpioidData,
  author    = {Basu, Kaustav and Choudhuri, Sandipan and Sen, Arunabha and Majumdar, Aniket},
  title     = {Insights from Statistical Analysis of Opioid Data},
  booktitle = {2018 IEEE International Conference on Big Data (Big Data)},
  year      = {2018},
  month     = dec,
  pages     = {5111--5113},
  doi       = {10.1109/BigData.2018.8622247},
  note      = {arXiv version: arXiv:1805.05509},
  url       = {https://ieeexplore.ieee.org/document/8622247}
}

@article{Befekadu2018FurtherStudyOpioidPerturbation,
  author  = {Befekadu, Getachew K. and Zhu, Quanyan},
  title   = {A further study on the opioid epidemic dynamical model with random perturbation},
  journal = {Journal of Optimization Theory and Applications},
  year    = {2019},
  volume  = {182},
  number  = {2},
  pages   = {785--801},
  doi     = {10.1007/s10957-019-01528-y},
  note    = {arXiv version: arXiv:1805.12534},
  url     = {https://link.springer.com/article/10.1007/s10957-019-01528-y}
}

@article{FengH2023MLRepurposingDrugBankOUD,
  author  = {Feng, Hongsong and Jiang, Jian and Wei, Guo-Wei},
  title   = {Machine-learning Repurposing of DrugBank Compounds for Opioid Use Disorder},
  journal = {Journal of Chemical Information and Modeling},
  year    = {2023},
  month   = mar,
  volume  = {63},
  number  = {7},
  pages   = {2106--2118},
  doi     = {10.1021/acs.jcim.3c00024},
  note    = {arXiv version: arXiv:2303.00240},
  url     = {https://pubs.acs.org/doi/10.1021/acs.jcim.3c00024}
}


@article{Sidorov2025ONER,
  title         = {Opioid Named Entity Recognition ({ONER-2025}) from Reddit},
  author        = {Sidorov, Grigori and Ahmad, Muhammad and Ameer, Iqra and Usman, Muhammad and Batyrshin, Ildar},
  journal       = {arXiv preprint arXiv:2504.00027},
  year          = {2025},
  month         = apr,
  url           = {https://arxiv.org/abs/2504.00027v3},
  eprint        = {2504.00027},
  archiveprefix = {arXiv}
}

@article{Hasan2019BigDataOpioidRisk,
  author  = {Hasan, Md Mahmudul and Alam, Md. Noor-E- and Patel, Mehul Rakeshkumar and Modestino, Alicia Sasser and Sanchez, Leon D. and Young, Gary J.},
  title   = {A Big Data Analytics Framework to Predict the Risk of Opioid Use Disorder},
  journal = {Health Care Management Science},
  year    = {2021},
  volume  = {24},
  number  = {3},
  pages   = {511--533},
  doi     = {10.1007/s10729-021-09551-0},
  note    = {arXiv version: arXiv:1904.03524},
  url     = {https://link.springer.com/article/10.1007/s10729-021-09551-0}
}

@article{Scrivner2021InteractiveNetworkOpioid,
  author  = {Scrivner, Olga and McAvoy, Elizabeth and Nguyen, Thuy and Choeden, Tenzin and Simon, Kosali and B{\"o}rner, Katy},
  title   = {Interactive Network Visualization of Opioid Crisis Related Data - Policy, Pharmaceutical, Training, and More},
  journal = {Preventive Medicine Reports},
  year    = {2021},
  volume  = {23},
  pages   = {101415},
  doi     = {10.1016/j.pmedr.2021.101415},
  note    = {arXiv version: arXiv:2102.05596},
  url     = {https://www.sciencedirect.com/science/article/pii/S221133552100164X}
}

@article{Mullen2024ForecastingOpioidKentucky,
  author        = {Mullen, Aaron D. and Harris, Daniel and Rock, Peter and Slavova, Svetla and Talbert, Jeffery and Bumgardner, V. K. Cody},
  title         = {Forecasting Opioid Incidents for Rapid Actionable Data for Opioid Response in Kentucky},
  journal       = {arXiv preprint arXiv:2410.16500},
  year          = {2024},
  month         = oct,
  url           = {https://arxiv.org/abs/2410.16500v1},
  eprint        = {2410.16500},
  archiveprefix = {arXiv}
}

@article{Luo2023EquitableFacilityLocationOpioid,
  author  = {Luo, Joyce and Stellato, Bartolomeo},
  title   = {Equitable Data-Driven Facility Location and Resource Allocation to Fight the Opioid Epidemic},
  journal = {Management Science},
  year    = {2024},
  month   = {May},
  volume  = {70},
  number  = {5},
  pages   = {2663-2684},
  doi     = {10.1287/mnsc.2023.03485},
  note    = {arXiv version: arXiv:2301.06179},
  url     = {https://pubsonline.informs.org/doi/abs/10.1287/mnsc.2023.03485}
}

@article{Befekadu2018OptimalResidenceTimeOpioid,
  author  = {Befekadu, Getachew K.},
  title   = {Optimal residence time control for stochastically perturbed prescription opioid epidemic models},
  journal = {Automatica},
  year    = {2019},
  volume  = {101},
  pages   = {29--35},
  doi     = {10.1016/j.automatica.2018.11.036},
  note    = {arXiv version: arXiv:1809.04410},
  url     = {https://linkinghub.elsevier.com/retrieve/pii/S000510981830451X}
}

@inproceedings{Ertugrul2020CASTNet,
  author    = {Ertugrul, Ali Mert and Lin, Yu-Ru and Taskaya-Temizel, Tugba},
  title     = {{CASTNet}: Community-Attentive Spatio-Temporal Networks for Opioid Overdose Forecasting},
  booktitle = {Machine Learning and Knowledge Discovery in Databases. Applied Data Science and Demo Track. ECML PKDD 2019},
  series    = {Lecture Notes in Computer Science},
  volume    = {11908},
  year      = {2020},
  pages     = {101--116},
  publisher = {Springer, Cham},
  doi       = {10.1007/978-3-030-43823-4_8},
  note      = {arXiv version: arXiv:1905.04714},
  url       = {https://link.springer.com/chapter/10.1007/978-3-030-43823-4_8}
}

@article{Lokala2023DetectSUDDarkwebSocial,
  author        = {Lokala, Usha and Phukan, Orchid Chetia and Dastidar, Triyasha Ghosh and Lamy, Francois R. and Daniulaityte, Raminta and Sheth, Amit},
  title         = {{"Can We Detect Substance Use Disorder?": Knowledge and Time Aware Classification on Social Media from Darkweb}},
  journal       = {arXiv preprint arXiv:2304.10512},
  year          = {2023},
  month         = apr,
  url           = {https://arxiv.org/abs/2304.10512v1},
  eprint        = {2304.10512},
  archiveprefix = {arXiv}
}

@inproceedings{Choudhuri2019PredictingFutureOpioidHeatmaps,
  author        = {Choudhuri, Sandipan and Basu, Kaustav and Thomas, Kevin and Sen, Arunabha},
  title         = {Predicting Future Opioid Incidences Today},
  booktitle     = {Proceedings of the 2nd KDD Workshop on Anomaly Detection in Finance},
  year          = {2019},
  month         = aug,
  note          = {arXiv version: arXiv:1906.08891. Presented at KDD 2019 Workshop on Applied Data Science for Healthcare},
  url           = {https://arxiv.org/abs/1906.08891v1},
  eprint        = {1906.08891},
  archiveprefix = {arXiv}
}

% Placeholder entries for generic methodological books/guides
@book{SomeLiteratureReviewMethodologyBook,
  author    = {Fink, Arlene},
  title     = {Conducting Research Literature Reviews: From the Internet to Paper},
  publisher = {Sage Publications},
  year      = {2019},
  edition   = {5th},
  address   = {Thousand Oaks, CA},
  note      = {Placeholder: Vervang door een specifiek methodologieboek over literatuurstudies.}
}

@book{SomeResearchMethodsTextbook,
  author    = {Creswell, John W. and Creswell, J. David},
  title     = {Research Design: Qualitative, Quantitative, and Mixed Methods Approaches},
  publisher = {Sage Publications},
  year      = {2018},
  edition   = {5th},
  address   = {Los Angeles},
  note      = {Placeholder: Vervang door een specifiek algemeen methodologieboek.}
}

@manual{SomeAcademicWritingGuide,
  title     = {Academic Writing: A Handbook for International Students},
  author    = {Bailey, Stephen},
  year      = {2017},
  edition   = {5th},
  publisher = {Routledge},
  address   = {London},
  note      = {Placeholder: Vervang door een specifieke gids over academisch schrijven.}
}

@book{SomeInformationRetrievalTextbook,
  author    = {Manning, Christopher D. and Raghavan, Prabhakar and Sch{\"u}tze, Hinrich},
  title     = {Introduction to Information Retrieval},
  publisher = {Cambridge University Press},
  year      = {2008},
  address   = {Cambridge},
  note      = {Placeholder: Vervang door een specifiek boek over informatie-extractie/zoekstrategieën.}
}

@book{SomeSystematicReviewHandbook,
  author    = {Higgins, Julian P.T. and Thomas, James and Chandler, Jacqueline and Cumpston, Miranda and Li, Tianjing and Page, Matthew J. and Welch, Vivian A.},
  title     = {Cochrane Handbook for Systematic Reviews of Interventions},
  publisher = {John Wiley \& Sons},
  year      = {2019},
  edition   = {2nd},
  note      = {Placeholder: Vervang door een specifiek handboek over systematische reviews (Cochrane is een goede optie).}
}

@manual{APAStyleManualReference,
  author    = {{American Psychological Association}},
  title     = {Publication Manual of the American Psychological Association},
  year      = {2020},
  edition   = {7th},
  publisher = {American Psychological Association},
  address   = {Washington, DC},
  note      = {Placeholder: Dit is de daadwerkelijke APA handleiding, maar kan als placeholder dienen indien niet specifiek geciteerd voor een detail.}
}

@book{Brownstein1993HistoryOpium,
  author  = {Brownstein, Michael J.},
  title   = {A brief history of opiates, opioid peptides, and opioid receptors},
  journal = {Proceedings of the National Academy of Sciences},
  year    = {1993},
  volume  = {90},
  number  = {12},
  pages   = {5391--5393},
  doi     = {10.1073/pnas.90.12.5391},
  note    = {Placeholder-achtig gebruikt voor algemeen historisch feit; dit is een echte bron maar niet in overview.json.}
}

@book{King2014OpioidsHistory,
  author    = {King, Rufus},
  title     = {The Drug Hang-Up: America's Fifty-Year Folly},
  publisher = {W. W. Norton & Company},
  year      = {1972},
  note      = {Placeholder: Vervang door een meer recent en specifiek geschiedenisboek over opioïden indien nodig.}
}

@book{Courtwright2001DarkParadise,
  author    = {Courtwright, David T.},
  title     = {Dark Paradise: A History of Opiate Addiction in America},
  publisher = {Harvard University Press},
  year      = {2001},
  address   = {Cambridge, MA},
  isbn      = {978-0674005857},
  note      = {Relevante historische bron, niet in overview.json. Toegevoegd voor context.}
}

@book{SomeOrganicChemistryTextbook,
  author    = {Bruice, Paula Yurkanis},
  title     = {Organic Chemistry},
  publisher = {Pearson},
  year      = {2016},
  edition   = {8th},
  note      = {Placeholder: Vervang door een specifiek organische chemie handboek.}
}

@book{BeauchampChildress2019PrinciplesBiomedicalEthics,
  author    = {Beauchamp, Tom L. and Childress, James F.},
  title     = {Principles of Biomedical Ethics},
  publisher = {Oxford University Press},
  year      = {2019},
  edition   = {8th},
  address   = {New York},
  note      = {Placeholder: Standaardwerk medische ethiek.}
}

@online{Dowell2022CDCGuidelineUpdate,
  author       = {{Centers for Disease Control and Prevention}},
  title        = {CDC Clinical Practice Guideline for Prescribing Opioids for Pain — United States, 2022},
  year         = {2022},
  month        = nov,
  day          = {4},
  url          = {https://www.cdc.gov/mmwr/volumes/71/rr/rr7103a1.htm},
  urldate      = {2025-04-22},
  organization = {CDC},
  note         = {Placeholder: Update van de CDC richtlijn.}
}

@article{Kroenke2019OpioidTapering,
  author  = {Kroenke, Kurt and Alford, Daniel P. and Argoff, Charles and Canlas, Bella and Covington, Edith and Frank, Joseph W. and Haake, Berthold and Hanling, Steven and Hooten, W. Michael and Kertesz, Stefan G. and Kravitz, Richard L. and Krebs, Erin E. and Stanos, Steven P. and Sullivan, Mark},
  title   = {Challenges with Implementing the {CDC} Opioid Guideline: A Consensus Panel Report},
  journal = {Pain Medicine},
  year    = {2019},
  volume  = {20},
  number  = {4},
  pages   = {724--735},
  doi     = {10.1093/pm/pny307},
  note    = {Placeholder: Relevante bron over implementatie-uitdagingen.}
}

@article{Simeone2017DoctorShopping,
  author  = {Simeone, Ronald},
  title   = {Doctor Shopping Behavior and the Diversion of Prescription Opioids},
  journal = {Substance Abuse: Research and Treatment},
  year    = {2017},
  volume  = {11},
  pages   = {1178221817696077},
  doi     = {10.1177/1178221817696077},
  note    = {Placeholder: Relevante bron over doctor shopping.}
}

@online{Webster2005OpioidRiskTool,
  author  = {Webster, Lynn R. and Webster, Rebecca M.},
  title   = {Predicting Aberrant Behaviors in Opioid-Treated Patients: Preliminary Validation of the Opioid Risk Tool},
  journal = {Pain Medicine},
  year    = {2005},
  volume  = {6},
  number  = {6},
  pages   = {432--442},
  doi     = {10.1111/j.1526-4637.2005.00059.x},
  note    = {Placeholder: Bekend screeningsinstrument.}
}

@online{SAMHSA_SBIRT_Overview,
  author       = {{Substance Abuse and Mental Health Services Administration}},
  title        = {Screening, Brief Intervention, and Referral to Treatment (SBIRT)},
  year         = {2023},
  url          = {https://www.samhsa.gov/sbirt},
  urldate      = {2025-04-22},
  organization = {SAMHSA},
  note         = {Placeholder: Algemene informatie over SBIRT.}
}

@article{MacArthur2014InterventionsPreventHIVHepC,
  author  = {MacArthur, G. J. and van Velzen, E. and Palmateer, N. and Kimber, J. and Pharris, A. and Hope, V. and Taylor, A. and Roy, K. and Aspinall, E. and Goldberg, D. and Hickman, M.},
  title   = {Interventions to prevent {HIV} and Hepatitis {C} in people who inject drugs: a review of reviews to assess evidence of effectiveness},
  journal = {International Journal of Drug Policy},
  year    = {2014},
  volume  = {25},
  number  = {1},
  pages   = {34--52},
  doi     = {10.1016/j.drugpo.2013.07.001},
  note    = {Placeholder: Review over harm reduction.}
}

@misc{CSC_EffectivenessReview,
  author       = {{Canadian Agency for Drugs and Technologies in Health}},
  title        = {Supervised Consumption Services: A Systematic Review of the Clinical and Cost-Effectiveness and Guidelines},
  year         = {2021},
  month        = {1},
  howpublished = {CADTH Rapid Response Report: Summary with Critical Appraisal},
  url          = {https://www.cadth.ca/supervised-consumption-services-systematic-review-clinical-and-cost-effectiveness-and-guidelines},
  note         = {Placeholder: Review over effectiviteit gebruiksruimten.}
}

@online{SAMHSA_MAT_Page,
  author       = {{Substance Abuse and Mental Health Services Administration}},
  title        = {Medication-Assisted Treatment (MAT)},
  year         = {2024},
  url          = {https://www.samhsa.gov/medication-assisted-treatment},
  urldate      = {2025-04-22},
  organization = {SAMHSA},
  note         = {Placeholder: Algemene informatie over MAT.}
}

@techreport{UNODC_NitazeneReport,
  author      = {{United Nations Office on Drugs and Crime}},
  title       = {The Emergence of Nitazenes: A New Threat in the Opioid Crisis},
  year        = {2023},
  type        = {Global SMART Update},
  institution = {UNODC},
  url         = {https://www.unodc.org/unodc/en/scientists/global-smart-update.html},
  note        = {Placeholder: Specifiek rapport over Nitazenes.}
}

@article{Dasgupta2018OpioidCrisisSocialEconomicDeterminants,
  author  = {Dasgupta, Nabarun and Beletsky, Leo and Ciccarone, Daniel},
  title   = {Opioid Crisis: No Easy Fix to Its Social and Economic Determinants},
  journal = {American Journal of Public Health},
  year    = {2018},
  volume  = {108},
  number  = {2},
  pages   = {182--186},
  doi     = {10.2105/AJPH.2017.304167},
  note    = {Placeholder: Relevant voor sociaaleconomische factoren.}
}

@book{SomeGuidelineForWritingDiscussionSections,
  author    = {Anonymous Methodologist},
  title     = {Crafting the Scientific Discussion: Interpretation and Implications},
  publisher = {Academic Press},
  year      = {2020},
  note      = {Placeholder: Vervang door een specifieke gids over het schrijven van discussiesecties.}
}

@book{UnintendedConsequencesPolicyBook,
  author  = {Merton, Robert K.},
  title   = {The Unanticipated Consequences of Purposive Social Action},
  journal = {American Sociological Review},
  year    = {1936},
  volume  = {1},
  number  = {6},
  pages   = {894--904},
  note    = {Placeholder: Vervang door een specifieker boek/artikel over onbedoelde beleidsgevolgen, of laat weg als de claim algemeen is.}
}

@book{SomeResearchMethodologyCritiqueChapter,
  author    = {Silverman, David},
  title     = {Interpreting Qualitative Data},
  publisher = {Sage Publications},
  year      = {2020},
  edition   = {6th},
  chapter   = {10},
  note      = {Placeholder: Vervang door een specifiek methodologieboek met een hoofdstuk over onderzoekskritiek/beperkingen.}
}

@misc{SomeResearchPlanningGuide,
  title        = {Guide to Research Planning and Design},
  author       = {{University Writing Program}},
  howpublished = {Online Resource},
  year         = {2021},
  url          = {https://writingcenter.unc.edu/tips-and-tools/literature-reviews/},
  note         = {Placeholder: Vervang door een specifieke gids over onderzoeksplanning.}
}

@misc{SomeLaTeXTutorial,
  title        = {The Not So Short Introduction to LaTeX2e},
  author       = {Oetiker, Tobias and Partl, Hubert and Hyna, Irene and Schlegl, Elisabeth},
  year         = {2021},
  howpublished = {Online PDF},
  url          = {https://tobi.oetiker.ch/lshort/lshort.pdf},
  note         = {Placeholder: Bekende LaTeX gids.}
}

@misc{SomeCriticalAppraisalGuide,
  title        = {CASP Checklists (Critical Appraisal Skills Programme)},
  author       = {{Critical Appraisal Skills Programme}},
  howpublished = {Online Resource},
  year         = {2024},
  url          = {https://casp-uk.net/casp-tools-checklists/},
  note         = {Placeholder: CASP biedt tools voor kritische beoordeling.}
}

@book{SomeResearchEthicsTextbook,
  author    = {Resnik, David B.},
  title     = {The Ethics of Research with Human Subjects: Protecting People, Advancing Science, Promoting Trust},
  publisher = {Springer},
  year      = {2018},
  note      = {Placeholder: Vervang door een specifiek boek over onderzoeksethiek.}
}

@article{GutsteinAkil2006OpioidAnalgesics,
  author    = {Gutstein, Howard B. and Akil, Huda},
  title     = {Opioid Analgesics},
  booktitle = {Goodman \& Gilman's The Pharmacological Basis of Therapeutics},
  editor    = {Brunton, Laurence L. and Chabner, Bruce A. and Knollmann, Bj{\"o}rn C.},
  year      = {2011},
  edition   = {12th},
  publisher = {McGraw-Hill},
  address   = {New York},
  pages     = {481--525},
  note      = {Dit is een hoofdstuk in een bekend farmacologiehandboek. Gegevens zijn een schatting.}
}

@article{Kalso2004OpioidsChronicNonCancerPain,
  author  = {Kalso, Eija and Edwards, Jayne E. and Moore, R. Andrew and McQuay, Henry J.},
  title   = {Opioids in chronic non-cancer pain: systematic review of efficacy and safety},
  journal = {Pain},
  year    = {2004},
  volume  = {112},
  number  = {3},
  pages   = {372--380},
  doi     = {10.1016/j.pain.2004.09.019}
}

@article{WhiteComiskey2007HeroinEpidemics,
  author  = {White, E. and Comiskey, C.},
  title   = {Heroin epidemics, treatment and ode modelling},
  journal = {Mathematical Biosciences},
  year    = {2007},
  volume  = {208},
  number  = {1},
  pages   = {312--324},
  doi     = {10.1016/j.mbs.2006.11.005}
}

@article{MucciLoRusso1998CRoxycodoneVsCRmorphine,
  author  = {Mucci-LoRusso, P. and Berman, B.S. and Silberstein, P.T. and Citron, M.L. and Pouget, R.A. and Miotto, J.B. and Reder, R.F.},
  title   = {Controlled-release oxycodone compared with controlled-release morphine in the treatment of cancer pain: a randomized, double-blind, parallel-group study},
  journal = {European Journal of Pain},
  year    = {1998},
  volume  = {2},
  number  = {4},
  pages   = {239--249},
  doi     = {10.1016/s1090-3801(98)90175-5}
}

@article{HeiskanenOlkkolaKalso1998CYP2D6Oxycodone,
  author  = {Heiskanen, T. and Olkkola, K.T. and Kalso, E.},
  title   = {Effects of blocking {CYP2D6} on the pharmacokinetics and pharmacodynamics of oxycodone},
  journal = {Clinical Pharmacology \& Therapeutics},
  year    = {1998},
  volume  = {64},
  number  = {6},
  pages   = {603--611},
  doi     = {10.1016/S0009-9236(98)90050-1}
}

@article{Kalso2005OxycodoneReview,
  author  = {Kalso, Eija},
  title   = {Oxycodone},
  journal = {Journal of Pain and Symptom Management},
  year    = {2005},
  volume  = {29},
  number  = {5, Supplement},
  pages   = {S47--S56},
  doi     = {10.1016/j.jpainsymman.2005.01.010}
}

@article{Compton2016RelationshipPrescriptionOpioidHeroin,
  author  = {Compton, Wilson M. and Jones, Christopher M. and Baldwin, Grant T.},
  title   = {Relationship between Nonmedical Prescription-Opioid Use and Heroin Use},
  journal = {New England Journal of Medicine},
  year    = {2016},
  volume  = {374},
  number  = {2},
  pages   = {154--163},
  doi     = {10.1056/NEJMra1508890}
}

@techreport{Ahmad2024ProvisionalOverdoseDeaths,
  author      = {Ahmad, Farida B. and Cisewski, Jodi A. and Rossen, Lauren M. and Sutton, Paul},
  title       = {Provisional Drug Overdose Death Counts},
  institution = {National Center for Health Statistics},
  year        = {2024},
  month       = apr,
  note        = {Data extracted from CDC WONDER Online Database, National Vital Statistics System. Data are provisional and subject to change.},
  url         = {https://www.cdc.gov/nchs/nvss/vsrr/drug-overdose-data.htm}
}

@misc{WashingtonPostARCOSData,
  author       = {{The Washington Post}},
  title        = {The Opioid Files: DEA Pain Pill Database},
  year         = {2019},
  howpublished = {Online Database and Article Series},
  url          = {https://www.washingtonpost.com/graphics/2019/investigations/dea-pain-pill-database/},
  note         = {Analyse van de ARCOS database van de DEA.}
}

@article{Keyes2014RuralUrbanOpioidUse,
  author  = {Keyes, Katherine M. and Cerd{\'a}, Magdalena and Brady, Joanne E. and Havens, Jennifer R. and Galea, Sandro},
  title   = {Understanding the Rural–Urban Differences in Nonmedical Prescription Opioid Use and Abuse in the United States},
  journal = {American Journal of Public Health},
  year    = {2014},
  volume  = {104},
  number  = {2},
  pages   = {e52--e59},
  doi     = {10.2105/AJPH.2013.301709}
}

@article{Monnat2018FactorsCountyLevelDrugMortality,
  author  = {Monnat, Shannon M.},
  title   = {Factors Associated with County-Level Differences in US Drug-Related Mortality Rates},
  journal = {American Journal of Preventive Medicine},
  year    = {2018},
  volume  = {54},
  number  = {5},
  pages   = {611--619},
  doi     = {10.1016/j.amepre.2018.01.032}
}

@techreport{UNODCWorldDrugReport2021,
  author      = {{United Nations Office on Drugs and Crime}},
  title       = {World Drug Report 2021},
  year        = {2021},
  institution = {United Nations},
  address     = {Vienna},
  url         = {https://www.unodc.org/unodc/en/data-and-analysis/wdr2021.html},
  note        = {Placeholder voor specifiek deelrapport over overdoses.}
}

@misc{DEA2022FentanylFactSheet,
  author       = {{Drug Enforcement Administration}},
  title        = {Fentanyl Fact Sheet: Facts about Fentanyl},
  year         = {2022},
  howpublished = {Online Factsheet},
  url          = {https://www.dea.gov/resources/facts-about-fentanyl},
  urldate      = {2025-04-22},
  note         = {Placeholder voor specifieke info over vervalste pillen.}
}

@techreport{Hedegaard2017OverdoseDeathsUS,
  author      = {Hedegaard, Holly and Warner, Margaret and Minino, Arialdi M.},
  title       = {Drug Overdose Deaths in the United States, 1999–2015},
  institution = {National Center for Health Statistics},
  year        = {2017},
  month       = feb,
  number      = {273},
  type        = {NCHS Data Brief},
  url         = {https://www.cdc.gov/nchs/products/databriefs/db273.htm}
}

@article{Rudd2016IncreasesDrugOpioidOverdoseDeaths,
  author  = {Rudd, Rose A. and Seth, Puja and David, Frita and Scholl, Lauren},
  title   = {Increases in Drug and Opioid-Involved Overdose Deaths — United States, 2010–2015},
  journal = {MMWR. Morbidity and Mortality Weekly Report},
  year    = {2016},
  volume  = {65},
  number  = {50-51},
  pages   = {1445--1452},
  doi     = {10.15585/mmwr.mm655051e1}
}

@article{Rudd2014IncreasesHeroinOverdoseDeaths,
  author  = {Rudd, Rose A. and Paulozzi, Leonard J. and Bauer, Mark J. and Burleson, R. Wilson and Carlson, Robert E. and Dao, Dailun and Davis, James W. and Dudek, Jan and Eichler, Barbara A. and Fernandes, Joan C. and Filing, Karen and Files, Holly and Fleetwood, Kim and Gaither, Julie R. and Gladden, R. Matt and Johnson, Ruth L. and Jones, Christopher M. and Klevens, R. Monina and Large, Terry and Lathrop, Sarah and Lutterloh, Emily and Mack, Karin A. and Mattson, Christine L. and McAninch, Jeanine K. and McDonald, Janetta and Meiman, Joseph G. and Mueller, Peter and Nagin, Daniel S. and O'Donnell, Julie and Osgood, Natasha and Paulson, Eric and Pierce, Thomas F. and Posner, Sharyn F. and Proescholdbell, Scott K. and Ramgopal, Ram and Rightmyer, Alana J. and Ringwalt, Chris L. and Roesler, James S. and Rose, Katherine O. and Rossen, Lauren M. and Sauber-Schatz, Erin K. and Schiller, Jennifer S. and Schuchat, Anne and Seth, Puja and Slavova, Svetla and Spies, Erica L. and Sugarman, David E. and Sumner, Steven A. and Thomas, Craig C. and Trinidad, Jeanine P. and Vivolo-Kantor, Alana M. and Vonderembse, Chad P. and Wall, Margaret M. and Wethington, Holly R. and Wilson, Nageshni and Zibbell, Jon E.},
  title   = {Increases in Heroin Overdose Deaths — 28 States, 2010 to 2012},
  journal = {MMWR. Morbidity and Mortality Weekly Report},
  year    = {2014},
  volume  = {63},
  number  = {39},
  pages   = {849--854}
}

@techreport{Ahmad2021ProvisionalDrugOverdoseDeaths,
  author      = {Ahmad, Farida B. and Rossen, Lauren M. and Sutton, Paul},
  title       = {Provisional Drug Overdose Deaths},
  institution = {National Center for Health Statistics},
  year        = {2021},
  note        = {Voorlopige data voor 2020. Exacte Data Brief nummer kan variëren.},
  url         = {https://www.cdc.gov/nchs/nvss/vsrr/drug-overdose-data.htm}
}

@article{Florence2020EconomicBurdenOUD,
  author  = {Florence, Curtis and Luo, Feijun and Rice, Kathryn},
  title   = {The economic burden of opioid use disorder and fatal opioid overdose in the United States, 2017},
  journal = {Drug and Alcohol Dependence},
  year    = {2021},
  volume  = {218},
  pages   = {108350},
  doi     = {10.1016/j.drugalcdep.2020.108350}
}

@misc{WhiteHouseCEA2017CostOpioidCrisis,
  author       = {{The Council of Economic Advisers}},
  title        = {The Underestimated Cost of the Opioid Crisis},
  year         = {2017},
  month        = nov,
  howpublished = {Report by the Council of Economic Advisers},
  url          = {https://trumpwhitehouse.archives.gov/sites/whitehouse.gov/files/images/The%20Underestimated%20Cost%20of%20the%20Opioid%20Crisis.pdf}
}

@article{BullingerWing2019ChildrenLivingWithOUDAdults,
  author  = {Bullinger, Lindsey R. and Wing, Coady},
  title   = {How many children live with adults with opioid use disorder?},
  journal = {Children and Youth Services Review},
  year    = {2019},
  volume  = {104},
  pages   = {104381},
  doi     = {10.1016/j.childyouth.2019.104381}
}

@article{CaseDeaton2015RisingMorbidityMortality,
  author  = {Case, Anne and Deaton, Angus},
  title   = {Rising morbidity and mortality in midlife among white non-Hispanic Americans in the 21st century},
  journal = {Proceedings of the National Academy of Sciences},
  year    = {2015},
  volume  = {112},
  number  = {49},
  pages   = {15078--15083},
  doi     = {10.1073/pnas.1518393112}
}

@article{Alpert2018SupplySideOxyContin,
  author  = {Alpert, Abby and Powell, David and Pacula, Rosalie Liccardo},
  title   = {Supply-Side Drug Policy in the Presence of Substitutes: Evidence from the Introduction of Abuse-Deterrent Opioids},
  journal = {American Economic Journal: Economic Policy},
  year    = {2018},
  volume  = {10},
  number  = {4},
  pages   = {1--35},
  doi     = {10.1257/pol.20160207}
}

@article{EvansLieberPower2019OxycontinHeroin,
  author  = {Evans, William N. and Lieber, Ethan M. J. and Power, Patrick},
  title   = {How the Reformulation of OxyContin Ignited the Heroin Epidemic},
  journal = {The Review of Economics and Statistics},
  year    = {2019},
  volume  = {101},
  number  = {1},
  pages   = {1--15},
  doi     = {10.1162/rest_a_00758}
}

@article{Smart2020NaloxoneAccessLaws,
  author  = {Smart, Rosanna and Pardo, Bryce and Davis, Corey S.},
  title   = {Systematic review of the emerging literature on the effectiveness of naloxone access laws in the United States},
  journal = {Addiction},
  year    = {2021},
  volume  = {116},
  number  = {1},
  pages   = {6--17},
  doi     = {10.1111/add.15102}
}

@article{Cohen2021ChronicPainUpdate,
  author  = {Cohen, Steven P. and Vase, Lene and Hooten, W. Michael},
  title   = {Chronic pain: an update on burden, best practices, and new advances},
  journal = {The Lancet},
  year    = {2021},
  volume  = {397},
  number  = {10289},
  pages   = {2082--2097},
  doi     = {10.1016/S0140-6736(21)00393-7}
}

@article{Woolf2010WhatIsThisThingCalledPain,
  author  = {Woolf, Clifford J.},
  title   = {What is this thing called pain?},
  journal = {The Journal of clinical investigation},
  year    = {2010},
  volume  = {120},
  number  = {11},
  pages   = {3742--3744},
  doi     = {10.1172/JCI45178}
}

@article{Meldrum2016OngoingOpioidHistorical,
  author  = {Meldrum, Marcia L.},
  title   = {The ongoing opioid prescription epidemic: historical context},
  journal = {American Journal of Public Health},
  year    = {2016},
  volume  = {106},
  number  = {8},
  pages   = {1365--1366},
  doi     = {10.2105/AJPH.2016.303297}
}

@article{Volkow2016OpioidAbuseChronicPain,
  author  = {Volkow, Nora D. and McLellan, A. Thomas},
  title   = {Opioid Abuse in Chronic Pain — Misconceptions and Mitigation Strategies},
  journal = {New England Journal of Medicine},
  year    = {2016},
  volume  = {374},
  number  = {13},
  pages   = {1253--1263},
  doi     = {10.1056/NEJMra1507771}
}

@article{Bradford2018MedicalCannabisOpioidPrescribing,
  author  = {Bradford, Ashley C. and Bradford, W. David and Abraham, Amanda and Bagwell Adams, Grace},
  title   = {Association Between US State Medical Cannabis Laws and Opioid Prescribing in the Medicare Part D Population},
  journal = {JAMA Internal Medicine},
  year    = {2018},
  volume  = {178},
  number  = {5},
  pages   = {667--672},
  doi     = {10.1001/jamainternmed.2018.0266}
}

@article{Davis2019LawsLimitingOpioidsAcutePain,
  author  = {Davis, Corey S. and Lieberman, Ameet Sarpatwari and Hernandez-Delgado, Hector and Suba, Chris},
  title   = {Laws limiting the prescribing or dispensing of opioids for acute pain in the United States: A national systematic legal review},
  journal = {Drug and Alcohol Dependence},
  year    = {2019},
  volume  = {194},
  pages   = {166--172},
  doi     = {10.1016/j.drugalcdep.2018.10.017}
}

@article{Sacks2019PolicyAffectInitiation,
  author  = {Sacks, Daniel W. and Hollingsworth, Alex and Nguyen, Thuy D. and Simon, Kosali I.},
  title   = {Can policy affect initiation of addictive substance use? Evidence from opioid prescribing},
  journal = {Journal of Health Economics},
  year    = {2021},
  volume  = {76},
  pages   = {102397},
  doi     = {10.1016/j.jhealeco.2020.102397}
}

@article{Peiper2019FentanylTestStrips,
  author  = {Peiper, N. C. and Clarke, S. D. and Vincent, L. B. and Ciccarone, D. and Kral, A. H. and Zibbell, J. E.},
  title   = {Fentanyl test strips as an opioid overdose prevention strategy: Findings from a syringe services program in the southeastern United States},
  journal = {International Journal of Drug Policy},
  year    = {2019},
  volume  = {63},
  pages   = {122--128},
  doi     = {10.1016/j.drugpo.2018.08.007}
}

@article{Jones2015BuprenorphineWaivers,
  author  = {Jones, Christopher M. and Campopiano, Melinda and Baldwin, Grant and McCance-Katz, Elinore},
  title   = {Growth In Buprenorphine Waivers For Physicians Increased Potential Access To Opioid Agonist Treatment, 2002–11},
  journal = {Health Affairs},
  year    = {2015},
  volume  = {34},
  number  = {6},
  pages   = {1028--1034},
  doi     = {10.1377/hlthaff.2014.1205}
}

@article{Ciccarone2019TripleWave,
  author  = {Ciccarone, Daniel},
  title   = {The triple wave epidemic: Supply and demand drivers of the {US} opioid overdose crisis},
  journal = {International Journal of Drug Policy},
  year    = {2019},
  volume  = {71},
  pages   = {183--188},
  doi     = {10.1016/j.drugpo.2019.01.010}
}