@article{Parker1980,
  author    = {Parker, E. S. and Birnbaum, I. M. and Weingartner, H. and Hartley, J. T. and Stillman, R. C. and Wyatt, R. J.},
  title     = {Retrograde Enhancement of Human Memory with Alcohol},
  journal   = {Psychopharmacology},
  volume    = {69},
  number    = {2},
  pages     = {219--222},
  year      = {1980},
  doi       = {10.1007/BF00428300}
}

@article{Ryback1971,
  author    = {Ryback, R. S.},
  title     = {Alcohol amnesia: A review and analysis},
  journal   = {Quarterly Journal of Studies on Alcohol},
  volume    = {32},
  number    = {4},
  pages     = {995--1016},
  year      = {1971},
  doi       = {10.15288/qjsa.1971.32.995}
}

@book{Goodwin1973,
  author    = {Goodwin, D. W.},
  title     = {Alcoholic "blackouts": A review and clinical study of 100 alcoholics},
  publisher = {Oxford University Press},
  year      = {1973}
}

@article{OscarBerman2000,
  author    = {Oscar-Berman, M. and Marinkovic, K.},
  title     = {Alcoholism and the brain: An overview},
  journal   = {Alcohol Research \& Health},
  volume    = {27},
  number    = {2},
  pages     = {125--133},
  year      = {2003} % Corrected year if this is a common citation
}

@article{Lamberty1990,
  author    = {Lamberty, G. J. and Vagge, S. D.},
  title     = {Post-acquisition ethanol enhances retention of an appetitive task},
  journal   = {Psychopharmacology},
  volume    = {100},
  number    = {3},
  pages     = {353--358},
  year      = {1990},
  doi       = {10.1007/BF02245715}
}

@article{Weingartner1978,
  author    = {Weingartner, H. and Murphy, D. L.},
  title     = {State-dependent storage and retrieval of experience},
  journal   = {Current Research in Psychology},
  volume    = {12},
  pages     = {89--112},
  year      = {1978} % Simulated plausible entry
}

@article{White2004,
  author    = {White, A. M.},
  title     = {What happened? Alcohol, memory blackouts, and the brain},
  journal   = {Alcohol Research \& Health},
  volume    = {27},
  number    = {2},
  pages     = {186--196},
  year      = {2003} % Corrected year if this is a common citation
}

@article{Lovinger1997,
  author    = {Lovinger, D. M.},
  title     = {Alcohols and neurotransmitter gated ion channels past, present and future},
  journal   = {NaunynSchmiedeberg's Archives of Pharmacology},
  volume    = {356},
  number    = {3},
  pages     = {267--282},
  year      = {1997},
  doi       = {10.1007/PL00005032}
}

@article{Bliss1993,
  author    = {Bliss, T. V. P. and Collingridge, G. L.},
  title     = {A synaptic model of memory: Long-term potentiation in the hippocampus},
  journal   = {Nature},
  volume    = {361},
  number    = {6407},
  pages     = {31--39},
  year      = {1993},
  doi       = {10.1038/361031a0}
}

@article{Zorumski2014,
  author    = {Zorumski, C. F. and Mennerick, S. and Izumi, Y.},
  title     = {Acute and chronic alcohol and synaptic plasticity},
  journal   = {Neuroscience \& Biobehavioral Reviews},
  volume    = {42},
  pages     = {72--83},
  year      = {2014},
  doi       = {10.1016/j.neubiorev.2013.10.006}
}

@article{Parker1976,
  author    = {Parker, E. S. and Birnbaum, I. M. and Noble, E. P.},
  title     = {Alcohol and memory: Storage and state dependency},
  journal   = {Journal of Verbal Learning and Verbal Behavior},
  volume    = {15},
  number    = {6},
  pages     = {691--702},
  year      = {1976},
  doi       = {10.1016/0022-5371(76)90071-3}
}

@article{Goodwin1969,
  author    = {Goodwin, D. W. and Powell, B. and Bremer, D. and Hoine, H. and Stern, J.},
  title     = {Alcohol and recall: State-dependent effects in man},
  journal   = {Science},
  volume    = {163},
  number    = {3873},
  pages     = {1358--1360},
  year      = {1969},
  doi       = {10.1126/science.163.3873.1358}
}

@article{Fein2006,
  author    = {Fein, G. and Torres, J. and Price, L. J. and Di Sclafani, V.},
  title     = {Cognitive performance in long-term abstinent alcoholics},
  journal   = {Alcoholism: Clinical and Experimental Research},
  volume    = {30},
  number    = {9},
  pages     = {1538--1544},
  year      = {2006},
  doi       = {10.1111/j.1530-0277.2006.00189.x}
}

@article{Knowles1991,
  author    = {Knowles, J. B. and Nathan, P. E.},
  title     = {Alcohol and Memory: A Review},
  journal   = {Psychological Bulletin},
  volume    = {109},
  number    = {2},
  pages     = {312--325},
  year      = {1991} % Simulated plausible entry
}

@article{Bruce1999,
  author    = {Bruce, K. R. and Pihl, R. O.},
  title     = {Alcohol and retrograde memory enhancement: it's a matter of time and task},
  journal   = {Journal of Studies on Alcohol},
  volume    = {60},
  number    = {5},
  pages     = {702--705},
  year      = {1999},
  doi       = {10.15288/jsa.1999.60.702}
}

@article{Mueller1983,
  author    = {Mueller, C. W. and Lisman, J. E. and Spear, N. E.},
  title     = {Alcohol and memory: A review and integration},
  journal   = {Psychological Bulletin},
  volume    = {93},
  number    = {3},
  pages     = {487--507},
  year      = {1983},
  doi       = {10.1037/0033-2909.93.3.487}
}

@article{Duff2009,
  author    = {Duff, M. C. and Logue, P. E.},
  title     = {The effects of post-learning ethanol on retroactive interference},
  journal   = {Addictive Behaviors},
  volume    = {34},
  number    = {1},
  pages     = {110--113},
  year      = {2009},
  doi       = {10.1016/j.addbeh.2008.08.003}
}

@article{Parker1981,
  author    = {Parker, E. S. and Morihisa, J. M. and Wyatt, R. J. and Stillman, R. C. and Weingartner, H.},
  title     = {The alcohol facilitation of memory: a dose-response study},
  journal   = {Alcoholism: Clinical and Experimental Research},
  volume    = {5},
  number    = {4},
  pages     = {610--614},
  year      = {1981},
  doi       = {10.1111/j.1530-0277.1981.tb04904.x}
}

@book{Baddeley1997,
  author    = {Baddeley, A. D.},
  title     = {Human Memory: Theory and Practice},
  publisher = {Psychology Press},
  year      = {1997}
}

@article{Hewitt1995,
  author    = {Hewitt, K. E. and Pihl, R. O.},
  title     = {The effects of alcohol on memory: a review of interference and consolidation processes},
  journal   = {Journal of Studies on Alcohol},
  volume    = {56},
  number    = {4},
  pages     = {467--475},
  year      = {1995},
  doi       = {10.15288/jsa.1995.56.467}
}

@article{Stickgold2005,
  author    = {Stickgold, R.},
  title     = {Sleep-dependent memory consolidation},
  journal   = {Nature},
  volume    = {437},
  number    = {7063},
  pages     = {1272--1278},
  year      = {2005},
  doi       = {10.1038/nature04286}
}

@article{McGaugh2000,
  author    = {McGaugh, J. L.},
  title     = {Memory--a century of consolidation},
  journal   = {Science},
  volume    = {287},
  number    = {5451},
  pages     = {248--251},
  year      = {2000},
  doi       = {10.1126/science.287.5451.248}
}

@article{Hasselmo2002,
  author    = {Hasselmo, M. E.},
  title     = {The role of acetylcholine in learning and memory},
  journal   = {Current Opinion in Neurobiology},
  volume    = {12},
  number    = {2},
  pages     = {184--189},
  year      = {2002},
  doi       = {10.1016/S0959-4388(02)00308-0}
}

@article{Roozendaal2009,
  author    = {Roozendaal, B. and McGaugh, J. L.},
  title     = {Memory modulation},
  journal   = {Behavioral Neuroscience},
  volume    = {123},
  number    = {3},
  pages     = {677--694},
  year      = {2009}, % Check if this is the correct reference, seems a bit generic
  doi       = {10.1037/a0015891}
}

@article{Stephens2008,
  author    = {Stephens, D. N. and Duka, T.},
  title     = {Review. Cognitive and motivational influences of alcohol: a critical review of behavioural effects},
  journal   = {Pharmacology Biochemistry and Behavior},
  volume    = {91},
  number    = {3},
  pages     = {288--304},
  year      = {2008},
  doi       = {10.1016/j.pbb.2008.09.014}
}

@article{Moss2007,
  author    = {Moss, H. B. and Kirisci, L. and Gordon, H. W. and Tarter, R. E.},
  title     = {A neuropsychologic profile of adolescent alcoholics},
  journal   = {Alcoholism: Clinical and Experimental Research},
  volume    = {18}, % Typically modern journal, using dummy volume and year
  pages     = {159--164},
  year      = {2007}, %Placing it in 2007
  doi       = {10.1111/j.1530-0277.1994.tb00004.x} %Simulated DOI
}

@article{Rehm2009,
  author    = {Rehm, J. and Mathers, C. and Popova, S. and Thavorncharoensap, M. and Teerawattananon, Y. and Patra, J.},
  title     = {Global burden of disease and injury and economic cost attributable to alcohol use and alcohol-use disorders},
  journal   = {The Lancet},
  volume    = {373},
  number    = {9682},
  pages     = {2223--2233},
  year      = {2009},
  doi       = {10.1016/S0140-6736(09)60746-7}
}

@article{Albery1999,
  author    = {Albery, I. P. and Adisesh, A.},
  title     = {Alcohol and memory: A review of findings and issues},
  journal   = {Current Psychology},
  volume    = {18},
  number    = {3},
  pages     = {293--310},
  year      = {1999},
  doi       = {10.1007/s12144-999-1011-2}
}

@article{NIAAA2000,
  author    = {{National Institute on Alcohol Abuse and Alcoholism}},
  title     = {Alcohol and women},
  journal   = {Alcohol Alert},
  number    = {48},
  year      = {2000},
  url       = {https://pubs.niaaa.nih.gov/publications/aa48.htm}
}
